Timestamp,Price,Size
2024-09-18 10:34:00.049000,411.4686298723855,99
2024-09-18 10:34:00.055000,411.4898123114619,10
2024-09-18 10:34:00.089000,411.4774501875472,95
2024-09-18 10:34:00.129000,411.4745707182317,8
2024-09-18 10:34:00.225000,411.4614530585586,97
2024-09-18 10:34:00.322000,411.4885965543813,15
2024-09-18 10:34:00.326000,411.3593482462138,1004
2024-09-18 10:34:00.376000,411.4834747364205,10
2024-09-18 10:34:00.414000,411.3475383847411,1003
2024-09-18 10:34:00.464000,411.491457697323,1004
2024-09-18 10:34:00.503000,411.4176443901912,996
2024-09-18 10:34:00.531000,411.4565994362697,7
2024-09-18 10:34:00.586000,411.4938127107512,102
2024-09-18 10:34:00.589000,411.3711558993109,101
2024-09-18 10:34:00.622000,411.4397764241785,6
2024-09-18 10:34:00.622000,411.4011265315366,997
2024-09-18 10:34:00.642000,411.4830735649799,7
2024-09-18 10:34:00.644000,411.47283132865056,999
2024-09-18 10:34:00.674000,411.4733227697654,1003
2024-09-18 10:34:00.698000,411.37181657639104,13
2024-09-18 10:34:00.712000,411.35035312567146,101
2024-09-18 10:34:00.726000,411.4989259698205,100
2024-09-18 10:34:00.770000,411.4430889262855,15
2024-09-18 10:34:00.777000,411.3418534177636,103
2024-09-18 10:34:00.790000,411.3391138746831,104
2024-09-18 10:34:02.268000,411.4893227506957,1004
2024-09-18 10:34:02.272000,411.50694714127246,1003
2024-09-18 10:34:02.356000,411.479578872061,995
2024-09-18 10:34:02.403000,411.4964971897369,999
2024-09-18 10:34:02.413000,411.4753242718004,1005
2024-09-18 10:34:02.420000,411.46433127012847,1004
2024-09-18 10:34:02.421000,411.4773117347577,6
2024-09-18 10:34:02.600000,411.4804408200462,1002
2024-09-18 10:34:02.691000,411.4905943601608,6
2024-09-18 10:34:02.804000,411.46835584871,999
2024-09-18 10:34:02.837000,411.4813265174441,10
2024-09-18 10:34:02.891000,411.4811954275265,98
2024-09-18 10:34:02.951000,411.4515280821993,11
2024-09-18 10:34:03.007000,411.46750653298847,999
2024-09-18 10:34:03.033000,411.4689959476686,9
2024-09-18 10:34:03.036000,411.4494520990313,8
2024-09-18 10:34:03.045000,411.4680431621962,995
2024-09-18 10:34:03.180000,411.4994548970967,101
2024-09-18 10:34:03.215000,411.4806471322706,102
2024-09-18 10:34:03.278000,411.46167898095234,99
2024-09-18 10:34:03.394000,411.4621346553072,99
2024-09-18 10:34:03.478000,411.475943519823,102
2024-09-18 10:34:03.499000,411.5124729624432,96
2024-09-18 10:34:03.534000,411.4960663469446,104
2024-09-18 10:34:03.538000,411.48350896770313,1001
2024-09-18 10:34:03.606000,411.45713504673387,105
2024-09-18 10:34:03.759000,411.45369111440414,102
2024-09-18 10:34:03.784000,411.51486488375446,13
2024-09-18 10:34:03.821000,411.4558128795455,9
2024-09-18 10:34:03.870000,411.4768834096763,8
2024-09-18 10:34:03.885000,411.4818158495853,9
2024-09-18 10:34:03.941000,411.4723891581491,10
2024-09-18 10:34:04.079000,411.5577105252624,1000
2024-09-18 10:34:04.127000,411.54910123648295,996
2024-09-18 10:34:04.224000,411.5586163524642,8
2024-09-18 10:34:04.334000,411.53386717155047,101
2024-09-18 10:34:04.374000,411.5556121819222,996
2024-09-18 10:34:04.497000,411.5534364034555,105
2024-09-18 10:34:04.524000,411.5657011293662,99
2024-09-18 10:34:04.595000,411.5562870253246,1001
2024-09-18 10:34:04.606000,411.5293406818652,100
2024-09-18 10:34:04.684000,411.54723626746704,7
2024-09-18 10:34:05.053000,411.5906042951018,12
2024-09-18 10:34:05.163000,411.5343248434813,7
2024-09-18 10:34:05.188000,411.5614920366806,8
2024-09-18 10:34:05.250000,411.5624622795319,98
2024-09-18 10:34:05.413000,411.57708429268456,12
2024-09-18 10:34:05.436000,411.5671319104765,13
2024-09-18 10:34:05.463000,411.55281061055,105
2024-09-18 10:34:05.521000,411.5499244943306,103
2024-09-18 10:34:05.530000,411.580999041538,8
2024-09-18 10:34:05.547000,411.5480324272058,1004
2024-09-18 10:34:05.588000,411.5644346646103,103
2024-09-18 10:34:05.645000,411.55760693326255,998
2024-09-18 10:34:05.804000,411.5391953709479,99
2024-09-18 10:34:05.886000,411.53703128690034,98
2024-09-18 10:34:05.929000,411.5776967010212,105
2024-09-18 10:34:05.995000,411.5584976106138,14
2024-09-18 10:34:06.025000,411.5351085751884,97
2024-09-18 10:34:06.055000,411.5727628358299,1003
2024-09-18 10:34:06.165000,411.5643012625956,1003
2024-09-18 10:34:06.190000,411.563650988995,100
2024-09-18 10:34:06.262000,411.5470604901339,105
2024-09-18 10:34:06.273000,411.5250187005666,15
2024-09-18 10:34:06.298000,411.5617176968113,1003
2024-09-18 10:34:06.302000,411.5273592400718,996
2024-09-18 10:34:06.434000,411.5710535820277,102
2024-09-18 10:34:06.439000,411.56990252883935,102
2024-09-18 10:34:06.461000,411.5582997304011,105
2024-09-18 10:34:06.518000,411.5698620743423,9
2024-09-18 10:34:06.543000,411.5438026045144,6
2024-09-18 10:34:06.678000,411.54140439926766,998
2024-09-18 10:34:06.687000,411.53719886827065,98
2024-09-18 10:34:06.789000,411.5675483770671,101
2024-09-18 10:34:06.805000,411.565768654311,998
2024-09-18 10:34:06.815000,411.5704966123643,11
2024-09-18 10:34:06.881000,411.58044019672553,104
2024-09-18 10:34:06.941000,411.5362651730084,98
2024-09-18 10:34:06.982000,411.5395591845153,14
2024-09-18 10:34:06.989000,411.56549412071104,11
2024-09-18 10:34:07.026000,411.5553066878523,1000
2024-09-18 10:34:07.173000,411.4939955219443,96
2024-09-18 10:34:07.380000,411.5231444491365,1003
2024-09-18 10:34:07.401000,411.5263852903669,14
2024-09-18 10:34:07.445000,411.5327652508559,11
2024-09-18 10:34:07.450000,411.5414409075165,14
2024-09-18 10:34:07.616000,411.5413148901607,1004
2024-09-18 10:34:07.641000,411.4992535960907,1002
2024-09-18 10:34:07.699000,411.5275898630265,1005
2024-09-18 10:34:07.752000,411.556557332267,15
2024-09-18 10:34:07.753000,411.5075726087364,104
2024-09-18 10:34:07.785000,411.5688469077113,1001
2024-09-18 10:34:07.797000,411.4976222046048,9
2024-09-18 10:34:07.860000,411.5107854391672,997
2024-09-18 10:34:07.868000,411.5185311358793,1002
2024-09-18 10:34:07.904000,411.53692314555815,997
2024-09-18 10:34:07.918000,411.5282632787446,97
2024-09-18 10:34:07.939000,411.5359670641754,100
2024-09-18 10:34:08.041000,411.5611927127196,1001
2024-09-18 10:34:08.633000,411.571294001033,100
2024-09-18 10:34:08.744000,411.5556403951718,13
2024-09-18 10:34:08.748000,411.5600324082068,1000
2024-09-18 10:34:09.070000,411.5681077646483,995
2024-09-18 10:34:09.097000,411.5746234633656,1005
2024-09-18 10:34:09.118000,411.6033165800042,99
2024-09-18 10:34:09.140000,411.6050604617666,104
2024-09-18 10:34:09.150000,411.64041904871567,996
2024-09-18 10:34:09.195000,411.5723089237739,100
2024-09-18 10:34:09.212000,411.6129326750137,98
2024-09-18 10:34:09.365000,411.63328361087525,1002
2024-09-18 10:34:09.394000,411.5689735292128,1003
2024-09-18 10:34:09.481000,411.6343019614268,1000
2024-09-18 10:34:09.549000,411.6171191134544,8
2024-09-18 10:34:09.579000,411.6345908354264,1002
2024-09-18 10:34:09.712000,411.59587195957374,8
2024-09-18 10:34:09.829000,411.6243055756222,7
2024-09-18 10:34:09.889000,411.6213052110855,96
2024-09-18 10:34:09.993000,411.635361787879,103
2024-09-18 10:34:10.039000,411.58294965081774,99
2024-09-18 10:34:10.094000,411.60688857701166,1003
2024-09-18 10:34:10.095000,411.6737394338882,998
2024-09-18 10:34:10.214000,411.68260260633184,997
2024-09-18 10:34:10.232000,411.5920931981706,13
2024-09-18 10:34:10.289000,411.6137748143851,1000
2024-09-18 10:34:10.345000,411.6260095493326,105
2024-09-18 10:34:10.400000,411.69140431408624,13
2024-09-18 10:34:10.405000,411.596293286038,99
2024-09-18 10:34:10.427000,411.6309470115927,10
2024-09-18 10:34:10.431000,411.6011846479567,102
2024-09-18 10:34:10.444000,411.5808393544156,8
2024-09-18 10:34:10.490000,411.6882327190162,11
2024-09-18 10:34:10.490000,411.6065428613212,100
2024-09-18 10:34:10.592000,411.6461886471109,1005
2024-09-18 10:34:10.666000,411.6211167353865,96
2024-09-18 10:34:10.810000,411.6305885625986,1001
2024-09-18 10:34:10.810000,411.66584844506673,104
2024-09-18 10:34:10.836000,411.6127793713011,102
2024-09-18 10:34:10.843000,411.6316453004904,1002
2024-09-18 10:34:10.912000,411.62287089678927,999
2024-09-18 10:34:10.950000,411.6225842897133,9
2024-09-18 10:34:10.992000,411.6115396774212,998
2024-09-18 10:34:11.057000,411.6852988580095,9
2024-09-18 10:34:11.157000,411.6920948191476,103
2024-09-18 10:34:11.341000,411.6595001829067,996
2024-09-18 10:34:11.348000,411.6428960691528,6
2024-09-18 10:34:11.449000,411.6817897390815,95
2024-09-18 10:34:11.589000,411.6691643281269,105
2024-09-18 10:34:11.605000,411.6412538615437,105
2024-09-18 10:34:11.722000,411.63130372088784,7
2024-09-18 10:34:11.726000,411.660473595972,15
2024-09-18 10:34:11.860000,411.6723127762775,995
2024-09-18 10:34:11.928000,411.6551875483698,997
2024-09-18 10:34:11.945000,411.6758346129034,995
2024-09-18 10:34:12.033000,411.6464719613133,104
2024-09-18 10:34:12.038000,411.6648892547831,97
2024-09-18 10:34:12.073000,411.6350735690568,998
2024-09-18 10:34:12.125000,411.6457748068968,104
2024-09-18 10:34:12.143000,411.68853614557673,1000
2024-09-18 10:34:12.189000,411.5989219549615,104
2024-09-18 10:34:12.211000,411.6149781416704,102
2024-09-18 10:34:12.221000,411.6342696750816,8
2024-09-18 10:34:12.352000,411.63238040635554,9
2024-09-18 10:34:12.481000,411.6631916541169,15
2024-09-18 10:34:12.575000,411.5992120594354,998
2024-09-18 10:34:12.577000,411.646508231887,97
2024-09-18 10:34:12.662000,411.6314472468593,1001
2024-09-18 10:34:12.680000,411.6216789654703,1004
2024-09-18 10:34:12.697000,411.61557817890224,999
2024-09-18 10:34:12.713000,411.6413079484198,10
2024-09-18 10:34:12.881000,411.6420584792231,995
2024-09-18 10:34:12.952000,411.6410550226327,95
2024-09-18 10:34:13.009000,411.77158075020606,102
2024-09-18 10:34:13.023000,411.7353230546932,6
2024-09-18 10:34:13.023000,411.769353838324,5
2024-09-18 10:34:13.081000,411.765633279913,9
2024-09-18 10:34:13.115000,411.7562040794047,1005
2024-09-18 10:34:13.137000,411.7781656277601,10
2024-09-18 10:34:13.186000,411.732296411748,10
2024-09-18 10:34:13.226000,411.7573140540136,15
2024-09-18 10:34:13.256000,411.70256247129055,98
2024-09-18 10:34:13.283000,411.7808340461131,8
2024-09-18 10:34:13.356000,411.7739386828597,102
2024-09-18 10:34:13.379000,411.6855167443987,95
2024-09-18 10:34:13.446000,411.7589462215752,14
2024-09-18 10:34:13.528000,411.73676026107694,999
2024-09-18 10:34:13.669000,411.7663484454295,997
2024-09-18 10:34:13.783000,411.77763806913765,15
2024-09-18 10:34:13.823000,411.7364217705811,12
2024-09-18 10:34:13.930000,411.77611602680463,95
2024-09-18 10:34:15.095000,411.7776764976111,104
2024-09-18 10:34:15.295000,411.7496864749582,15
2024-09-18 10:34:15.850000,411.7552097092976,995
2024-09-18 10:34:16.141000,411.772787674222,10
2024-09-18 10:34:16.859000,411.7465389419275,6
2024-09-18 10:34:17.015000,411.7325586428962,6
2024-09-18 10:34:17.141000,411.75569603675774,9
2024-09-18 10:34:17.149000,411.7577686329568,1003
2024-09-18 10:34:17.281000,411.71975971664233,7
2024-09-18 10:34:17.432000,411.7662245776663,997
2024-09-18 10:34:17.690000,411.75468740056886,99
2024-09-18 10:34:17.834000,411.7407352918371,11
2024-09-18 10:34:18.007000,411.7030105290746,1004
2024-09-18 10:34:18.213000,411.70586883042427,1005
2024-09-18 10:34:18.240000,411.7156307127346,15
2024-09-18 10:34:18.253000,411.7091736676349,998
2024-09-18 10:34:18.453000,411.6876584582953,97
2024-09-18 10:34:18.598000,411.7174159380519,98
2024-09-18 10:34:18.618000,411.72510456114975,97
2024-09-18 10:34:18.678000,411.715747615128,9
2024-09-18 10:34:19.087000,411.7464020776982,6
2024-09-18 10:34:19.229000,411.7234493342906,7
2024-09-18 10:34:19.260000,411.7280838026521,999
2024-09-18 10:34:19.392000,411.7285910045526,1004
2024-09-18 10:34:19.460000,411.7313177940546,14
2024-09-18 10:34:19.528000,411.7471797031647,5
2024-09-18 10:34:19.560000,411.7315210260657,14
2024-09-18 10:34:19.626000,411.7261492057253,100
2024-09-18 10:34:19.665000,411.73295171348576,6
2024-09-18 10:34:19.684000,411.7228762724681,15
2024-09-18 10:34:19.734000,411.7171932112786,997
2024-09-18 10:34:20.448000,411.7394179202033,1002
2024-09-18 10:34:20.620000,411.7407743290803,11
2024-09-18 10:34:20.626000,411.7418881175898,995
2024-09-18 10:34:21.004000,411.7699212255909,997
2024-09-18 10:34:21.154000,411.7376025311426,5
2024-09-18 10:34:21.171000,411.75229763461977,9
2024-09-18 10:34:21.318000,411.7483416297529,12
2024-09-18 10:34:21.321000,411.75616936603,95
2024-09-18 10:34:21.593000,411.7483430890212,10
2024-09-18 10:34:21.721000,411.7418237476937,7
2024-09-18 10:34:21.830000,411.73471403309406,1005
2024-09-18 10:34:23.006000,411.7083155914032,99
2024-09-18 10:34:23.063000,411.7285609611584,95
2024-09-18 10:34:23.068000,411.7329314046127,95
2024-09-18 10:34:23.087000,411.7034111927408,11
2024-09-18 10:34:23.141000,411.7139049361153,997
2024-09-18 10:34:23.168000,411.72095703672574,12
2024-09-18 10:34:23.239000,411.7584375498807,101
2024-09-18 10:34:23.290000,411.7398820788413,1001
2024-09-18 10:34:23.342000,411.7206130281032,98
2024-09-18 10:34:23.379000,411.69426041301705,997
2024-09-18 10:34:23.447000,411.736789916456,1003
2024-09-18 10:34:23.587000,411.7261387252414,8
2024-09-18 10:34:23.599000,411.7278040291945,995
2024-09-18 10:34:23.609000,411.7045466275724,101
2024-09-18 10:34:23.728000,411.7268646935205,98
2024-09-18 10:34:23.749000,411.7143330351395,1000
2024-09-18 10:34:23.781000,411.7340217295183,1002
2024-09-18 10:34:23.784000,411.7281421386271,996
2024-09-18 10:34:23.792000,411.72609375065167,102
2024-09-18 10:34:23.880000,411.722992695147,7
2024-09-18 10:34:23.900000,411.73800075393336,6
2024-09-18 10:34:23.906000,411.7405975256457,104
2024-09-18 10:34:24.098000,411.7227823088301,999
2024-09-18 10:34:24.314000,411.71972041980894,9
2024-09-18 10:34:24.335000,411.7607487702005,8
2024-09-18 10:34:24.450000,411.7194785505626,1003
2024-09-18 10:34:24.634000,411.7383482613305,997
2024-09-18 10:34:24.687000,411.7400618744188,996
2024-09-18 10:34:24.706000,411.73410075070944,98
2024-09-18 10:34:24.725000,411.73066213753054,1003
2024-09-18 10:34:24.742000,411.7164102989663,100
2024-09-18 10:34:25.074000,411.840207241671,1003
2024-09-18 10:34:25.104000,411.8078305861529,1001
2024-09-18 10:34:25.157000,411.8350113305846,995
2024-09-18 10:34:25.157000,411.9105940228558,103
2024-09-18 10:34:25.249000,411.77690247218334,10
2024-09-18 10:34:25.283000,411.8165382405212,13
2024-09-18 10:34:25.304000,411.87605266030334,1000
2024-09-18 10:34:25.307000,411.8845726120336,103
2024-09-18 10:34:25.307000,411.8627597021749,104
2024-09-18 10:34:25.370000,411.84251987447584,6
2024-09-18 10:34:25.428000,411.8782415506442,9
2024-09-18 10:34:25.435000,411.88532920189976,104
2024-09-18 10:34:25.445000,411.8782981485178,98
2024-09-18 10:34:25.567000,411.816633495442,102
2024-09-18 10:34:25.568000,411.8809740875071,5
2024-09-18 10:34:25.575000,411.88874929387663,97
2024-09-18 10:34:25.604000,411.7969371545829,13
2024-09-18 10:34:25.610000,411.8758249858139,996
2024-09-18 10:34:25.638000,411.92567068443486,95
2024-09-18 10:34:25.659000,411.866248646428,996
2024-09-18 10:34:25.813000,411.9301121722228,999
2024-09-18 10:34:25.841000,411.87169410313805,9
2024-09-18 10:34:25.859000,411.9012166929194,14
2024-09-18 10:34:25.864000,411.8116192872415,101
2024-09-18 10:34:25.896000,411.79216635289066,104
2024-09-18 10:34:25.918000,411.9196985834635,11
2024-09-18 10:34:25.941000,411.8789595551882,997
2024-09-18 10:34:26.284000,411.95876351925136,12
2024-09-18 10:34:26.450000,411.9585795247438,1000
2024-09-18 10:34:26.743000,411.9323955079818,998
2024-09-18 10:34:26.753000,411.9508155789858,999
2024-09-18 10:34:26.858000,411.9467177721814,97
2024-09-18 10:34:26.938000,411.9542358298502,14
2024-09-18 10:34:27.039000,411.9632980749935,96
2024-09-18 10:34:27.139000,411.94630425731606,7
2024-09-18 10:34:27.196000,411.9438654908968,100
2024-09-18 10:34:27.233000,411.9633038374819,103
2024-09-18 10:34:27.311000,411.98355213235664,1000
2024-09-18 10:34:27.386000,411.976894037922,95
2024-09-18 10:34:27.475000,411.98724482531,1000
2024-09-18 10:34:27.495000,411.9805044219227,10
2024-09-18 10:34:27.536000,411.9651993948714,9
2024-09-18 10:34:27.544000,411.96058228576726,15
2024-09-18 10:34:27.576000,411.9477024331285,1004
2024-09-18 10:34:27.690000,411.95836801388793,95
2024-09-18 10:34:27.754000,411.9390918556836,1003
2024-09-18 10:34:27.761000,411.9547021900378,997
2024-09-18 10:34:27.768000,411.9860959208145,105
2024-09-18 10:34:27.797000,411.97758572609536,997
2024-09-18 10:34:27.855000,411.9431992166522,15
2024-09-18 10:34:27.928000,411.9675854256947,1002
2024-09-18 10:34:27.978000,411.9708961828621,95
2024-09-18 10:34:27.986000,411.9592334945257,105
2024-09-18 10:34:28.077000,411.96515713470495,995
2024-09-18 10:34:28.151000,411.9714181361411,995
2024-09-18 10:34:28.172000,411.9517171803981,12
2024-09-18 10:34:28.176000,411.96366959692506,1005
2024-09-18 10:34:28.252000,411.97438151961785,100
2024-09-18 10:34:28.278000,411.955766815482,97
2024-09-18 10:34:28.292000,411.969642474157,10
2024-09-18 10:34:28.341000,411.96901302173393,7
2024-09-18 10:34:28.354000,411.9681372367958,99
2024-09-18 10:34:28.411000,411.9711254999893,6
2024-09-18 10:34:28.498000,411.9837787642872,1001
2024-09-18 10:34:28.532000,411.94482036238566,1001
2024-09-18 10:34:28.574000,411.9719750400166,103
2024-09-18 10:34:28.614000,411.9554694079387,995
2024-09-18 10:34:28.652000,411.9584943510884,13
2024-09-18 10:34:28.722000,411.9696234833081,14
2024-09-18 10:34:28.861000,411.9598193698265,15
2024-09-18 10:34:28.887000,411.9632180558781,101
2024-09-18 10:34:28.981000,411.9658313769162,11
2024-09-18 10:34:29.044000,411.9291256263511,1005
2024-09-18 10:34:29.057000,411.8564194084016,7
2024-09-18 10:34:29.087000,411.8834820070117,99
2024-09-18 10:34:29.123000,411.83988051502536,1001
2024-09-18 10:34:29.171000,411.8981466728063,97
2024-09-18 10:34:29.195000,411.9197984771721,1004
2024-09-18 10:34:29.212000,411.8544604873848,1002
2024-09-18 10:34:29.243000,411.8531526789898,101
2024-09-18 10:34:29.274000,411.9760539795172,1004
2024-09-18 10:34:29.382000,411.865889388632,14
2024-09-18 10:34:29.414000,411.9217510929893,100
2024-09-18 10:34:29.415000,411.8664359502993,100
2024-09-18 10:34:29.539000,411.95716977185566,99
2024-09-18 10:34:29.546000,411.8762537286996,105
2024-09-18 10:34:29.549000,411.9103175219283,102
2024-09-18 10:34:29.564000,411.9356270737244,1002
2024-09-18 10:34:29.577000,411.9255894793031,995
2024-09-18 10:34:29.579000,411.8707110892237,15
2024-09-18 10:34:29.580000,411.8616851524144,97
2024-09-18 10:34:29.602000,411.9426032359343,7
2024-09-18 10:34:29.708000,411.9087631214134,1003
2024-09-18 10:34:29.838000,411.9350225755411,1003
2024-09-18 10:34:29.846000,411.93127287448425,100
2024-09-18 10:34:29.849000,411.8629351419815,1001
2024-09-18 10:34:29.895000,411.9274206618879,13
2024-09-18 10:34:29.908000,411.9179570327651,10
2024-09-18 10:34:29.943000,411.9134227265648,12
2024-09-18 10:34:30.010000,411.8699697918762,999
2024-09-18 10:34:30.028000,411.8370896303634,105
2024-09-18 10:34:30.058000,411.8359943381869,102
2024-09-18 10:34:30.092000,411.8519237831144,99
2024-09-18 10:34:30.128000,411.8862760991534,999
2024-09-18 10:34:30.144000,411.86170264834425,100
2024-09-18 10:34:30.155000,411.8919619370692,15
2024-09-18 10:34:30.164000,411.85104257376616,1005
2024-09-18 10:34:30.321000,411.8731357322218,99
2024-09-18 10:34:30.339000,411.84834539108,5
2024-09-18 10:34:30.370000,411.8437403315576,97
2024-09-18 10:34:30.374000,411.89139917315566,105
2024-09-18 10:34:30.467000,411.84750071649,1005
2024-09-18 10:34:30.478000,411.9061262764648,1005
2024-09-18 10:34:30.581000,411.88661185710936,95
2024-09-18 10:34:30.582000,411.85608259001424,1002
2024-09-18 10:34:30.624000,411.8580367675262,104
2024-09-18 10:34:30.646000,411.8227527806401,101
2024-09-18 10:34:30.659000,411.8266584681887,10
2024-09-18 10:34:30.688000,411.893841021396,1000
2024-09-18 10:34:30.712000,411.8738173603133,6
2024-09-18 10:34:30.722000,411.8722025286588,1004
2024-09-18 10:34:30.728000,411.8745892823648,997
2024-09-18 10:34:30.877000,411.9027740049119,7
2024-09-18 10:34:30.951000,411.8491785140322,14
2024-09-18 10:34:31.021000,411.9610392753184,98
2024-09-18 10:34:31.076000,411.9348297757821,1003
2024-09-18 10:34:31.082000,411.9098872737703,104
2024-09-18 10:34:31.113000,411.9551754707057,100
2024-09-18 10:34:31.121000,411.9296130152858,1003
2024-09-18 10:34:31.140000,411.8993254584025,105
2024-09-18 10:34:31.239000,411.928594422548,13
2024-09-18 10:34:31.246000,411.9438625036565,101
2024-09-18 10:34:31.321000,411.9134076123582,14
2024-09-18 10:34:31.329000,411.920848745744,100
2024-09-18 10:34:31.372000,411.9096936642837,100
2024-09-18 10:34:31.378000,411.9259354372447,103
2024-09-18 10:34:31.426000,411.92455581036376,996
2024-09-18 10:34:31.480000,411.9628099138853,5
2024-09-18 10:34:31.489000,411.9163463270017,7
2024-09-18 10:34:31.520000,411.9100269852349,14
2024-09-18 10:34:31.595000,411.9094251092115,1003
2024-09-18 10:34:31.602000,411.8957639305926,1002
2024-09-18 10:34:31.759000,411.8979406553143,1000
2024-09-18 10:34:31.829000,411.917424471414,95
2024-09-18 10:34:31.934000,411.89631098424434,1002
2024-09-18 10:34:31.945000,411.9009806505897,1005
2024-09-18 10:34:32,411.9553789486353,95
2024-09-18 10:34:32.031000,411.9655815016129,10
2024-09-18 10:34:32.202000,411.969014215789,5
2024-09-18 10:34:32.367000,411.9682877160042,100
2024-09-18 10:34:32.383000,411.96663151829006,997
2024-09-18 10:34:32.531000,411.968078715322,6
2024-09-18 10:34:32.593000,411.9754644971248,96
2024-09-18 10:34:32.619000,411.9702330927692,6
2024-09-18 10:34:32.789000,411.957633272291,5
2024-09-18 10:34:32.802000,411.9709269080623,996
2024-09-18 10:34:32.871000,411.9731878830672,9
2024-09-18 10:34:32.971000,411.9828773193715,7
2024-09-18 10:34:33.430000,411.9710703823257,1004
2024-09-18 10:34:33.780000,411.95251038291286,13
2024-09-18 10:34:34.002000,412.06817519985486,1005
2024-09-18 10:34:34.066000,411.9973918125504,98
2024-09-18 10:34:34.084000,412.0235813928919,101
2024-09-18 10:34:34.121000,412.0610015806743,13
2024-09-18 10:34:34.215000,412.037262838114,1003
2024-09-18 10:34:34.348000,412.0035284456792,997
2024-09-18 10:34:34.355000,412.037362457224,7
2024-09-18 10:34:34.370000,412.01710125706063,15
2024-09-18 10:34:34.375000,412.0122396592767,10
2024-09-18 10:34:34.375000,412.0173683788242,11
2024-09-18 10:34:34.391000,412.04743947255866,1002
2024-09-18 10:34:34.404000,412.0557715967833,7
2024-09-18 10:34:34.413000,411.9875200617527,98
2024-09-18 10:34:34.518000,412.0555600810328,1004
2024-09-18 10:34:34.531000,412.0582344684265,101
2024-09-18 10:34:34.545000,412.0181042604579,9
2024-09-18 10:34:34.623000,412.0267594596023,997
2024-09-18 10:34:34.641000,412.0493642154938,8
2024-09-18 10:34:34.752000,412.0305897117614,998
2024-09-18 10:34:34.763000,412.0398724696103,10
2024-09-18 10:34:34.782000,412.0204891442728,997
2024-09-18 10:34:34.938000,412.0302206252256,101
2024-09-18 10:34:34.976000,412.0224342575778,1005
2024-09-18 10:34:34.981000,412.023059989126,5
2024-09-18 10:34:35.020000,412.0824661775423,12
2024-09-18 10:34:35.036000,412.1084266339087,13
2024-09-18 10:34:35.070000,412.0216782603731,13
2024-09-18 10:34:35.097000,412.1026427337109,11
2024-09-18 10:34:35.108000,412.03640132491614,1003
2024-09-18 10:34:35.121000,412.11300921868514,95
2024-09-18 10:34:35.160000,412.0227943249985,10
2024-09-18 10:34:35.165000,412.0917962504025,103
2024-09-18 10:34:35.202000,412.0753865819734,998
2024-09-18 10:34:35.256000,412.099661871686,8
2024-09-18 10:34:35.285000,412.0333057960221,97
2024-09-18 10:34:35.294000,412.0971142802485,8
2024-09-18 10:34:35.316000,412.0240534463987,104
2024-09-18 10:34:35.334000,412.0388670663567,100
2024-09-18 10:34:35.335000,412.0844108407827,103
2024-09-18 10:34:35.385000,412.0324324983134,6
2024-09-18 10:34:35.450000,412.1018524310193,996
2024-09-18 10:34:35.515000,412.1049211572698,103
2024-09-18 10:34:35.607000,412.0063222476097,14
2024-09-18 10:34:35.718000,412.0166917873421,5
2024-09-18 10:34:35.769000,412.0382116823649,104
2024-09-18 10:34:35.811000,412.038355255096,1002
2024-09-18 10:34:35.835000,412.1041355244612,101
2024-09-18 10:34:35.876000,412.0265396361144,6
2024-09-18 10:34:35.878000,412.01044657327145,105
2024-09-18 10:34:35.899000,412.01384536653126,999
2024-09-18 10:34:35.927000,412.06568694598303,13
2024-09-18 10:34:35.952000,412.0242990308421,98
2024-09-18 10:34:35.971000,412.0972714728247,7
2024-09-18 10:34:36.184000,412.1429182440155,1005
2024-09-18 10:34:36.260000,412.1457477098137,9
2024-09-18 10:34:36.400000,412.1321072219539,105
2024-09-18 10:34:36.428000,412.1447265291305,1001
2024-09-18 10:34:36.443000,412.11447880708346,100
2024-09-18 10:34:36.478000,412.1273506835519,99
2024-09-18 10:34:36.512000,412.1245922857966,105
2024-09-18 10:34:36.603000,412.1133575060051,100
2024-09-18 10:34:36.618000,412.1324702851135,15
2024-09-18 10:34:36.961000,412.1504257756876,1000
2024-09-18 10:34:37.004000,412.10893932143046,10
2024-09-18 10:34:37.042000,412.1238213529954,8
2024-09-18 10:34:37.163000,412.1202575196916,97
2024-09-18 10:34:37.196000,412.12677318323216,996
2024-09-18 10:34:37.282000,412.12900570661134,997
2024-09-18 10:34:37.350000,412.1282034756829,96
2024-09-18 10:34:37.486000,412.1274615377058,9
2024-09-18 10:34:37.488000,412.12787335758776,1003
2024-09-18 10:34:37.563000,412.1419294309834,1002
2024-09-18 10:34:37.577000,412.1234626954707,1001
2024-09-18 10:34:37.631000,412.1318036930868,9
2024-09-18 10:34:37.695000,412.1317125425265,1002
2024-09-18 10:34:37.702000,412.1427306194626,1000
2024-09-18 10:34:37.802000,412.1321030239538,1000
2024-09-18 10:34:37.982000,412.1161099900643,95
2024-09-18 10:34:37.996000,412.14307746163576,15
2024-09-18 10:34:38.020000,412.13652263536295,9
2024-09-18 10:34:38.024000,412.2231233141453,95
2024-09-18 10:34:38.030000,412.09109169212,100
2024-09-18 10:34:38.051000,412.21828641329455,5
2024-09-18 10:34:38.098000,412.1491725399401,99
2024-09-18 10:34:38.169000,412.1586027912583,12
2024-09-18 10:34:38.187000,412.2302812164581,99
2024-09-18 10:34:38.231000,412.16645057631735,1001
2024-09-18 10:34:38.255000,412.1512783262143,1002
2024-09-18 10:34:38.375000,412.0933950673391,102
2024-09-18 10:34:38.396000,412.16322151953983,98
2024-09-18 10:34:38.415000,412.0937626236234,6
2024-09-18 10:34:38.415000,412.1446179389,10
2024-09-18 10:34:38.446000,412.12562541080166,7
2024-09-18 10:34:38.531000,412.1566678388127,999
2024-09-18 10:34:38.577000,412.1528642250319,95
2024-09-18 10:34:38.581000,412.222595947095,15
2024-09-18 10:34:38.655000,412.0955979306312,996
2024-09-18 10:34:38.714000,412.1071697309316,1002
2024-09-18 10:34:38.728000,412.132747779723,7
2024-09-18 10:34:38.731000,412.0927203956471,999
2024-09-18 10:34:38.760000,412.2122458647208,1002
2024-09-18 10:34:38.802000,412.10470397880783,13
2024-09-18 10:34:38.846000,412.23397967217215,1004
2024-09-18 10:34:38.851000,412.1270570547094,13
2024-09-18 10:34:38.881000,412.1021051602697,98
2024-09-18 10:34:38.932000,412.1505625717082,1005
2024-09-18 10:34:38.939000,412.0984175342533,7
2024-09-18 10:34:38.978000,412.1510487000834,11
2024-09-18 10:34:39.004000,412.23600749221725,1004
2024-09-18 10:34:39.022000,412.2334359845292,96
2024-09-18 10:34:39.202000,412.2231121410499,101
2024-09-18 10:34:39.213000,412.2057548823805,7
2024-09-18 10:34:39.285000,412.2331926610009,14
2024-09-18 10:34:39.325000,412.2434591100877,1003
2024-09-18 10:34:39.414000,412.2208292619998,5
2024-09-18 10:34:39.460000,412.23455959401593,9
2024-09-18 10:34:39.465000,412.2364834346924,100
2024-09-18 10:34:39.528000,412.2258576050579,5
2024-09-18 10:34:39.543000,412.2252434337808,1002
2024-09-18 10:34:39.618000,412.2320828997095,1003
2024-09-18 10:34:39.678000,412.2170228970642,1005
2024-09-18 10:34:39.692000,412.2120039483448,98
2024-09-18 10:34:39.810000,412.2218798354658,1005
2024-09-18 10:34:39.867000,412.2328266389557,98
2024-09-18 10:34:39.883000,412.21656883559103,97
2024-09-18 10:34:40.040000,412.2338058128,999
2024-09-18 10:34:40.060000,412.2180413204797,1001
2024-09-18 10:34:40.155000,412.2133110860445,997
2024-09-18 10:34:40.182000,412.2534173719378,105
2024-09-18 10:34:40.211000,412.2176086579936,15
2024-09-18 10:34:40.300000,412.2085725287475,96
2024-09-18 10:34:40.313000,412.2289171006166,1001
2024-09-18 10:34:40.355000,412.2161601421415,995
2024-09-18 10:34:40.394000,412.2173135045312,11
2024-09-18 10:34:40.527000,412.2628389039078,103
2024-09-18 10:34:40.606000,412.2098745408333,1000
2024-09-18 10:34:40.696000,412.2119086519916,102
2024-09-18 10:34:40.712000,412.2265624988581,1004
2024-09-18 10:34:40.761000,412.2211340079067,10
2024-09-18 10:34:40.857000,412.2286206952896,102
2024-09-18 10:34:40.887000,412.264859927004,98
2024-09-18 10:34:40.889000,412.2053340044649,13
2024-09-18 10:34:40.977000,412.22065240994425,999
2024-09-18 10:34:41.028000,412.2620960643226,5
2024-09-18 10:34:41.068000,412.2324667630581,103
2024-09-18 10:34:41.126000,412.22718462720326,11
2024-09-18 10:34:41.155000,412.2105042955013,12
2024-09-18 10:34:41.219000,412.2395271219645,12
2024-09-18 10:34:41.243000,412.2692716739637,98
2024-09-18 10:34:41.302000,412.241372850057,101
2024-09-18 10:34:41.373000,412.2229697418517,1004
2024-09-18 10:34:41.416000,412.2404874430039,998
2024-09-18 10:34:41.484000,412.242254281185,99
2024-09-18 10:34:41.549000,412.2191534544878,14
2024-09-18 10:34:41.628000,412.2273967017387,101
2024-09-18 10:34:41.704000,412.2064918978194,9
2024-09-18 10:34:41.788000,412.2197457323663,996
2024-09-18 10:34:41.837000,412.2165303975457,103
2024-09-18 10:34:41.981000,412.223172602694,97
2024-09-18 10:34:42.199000,412.2508498532992,13
2024-09-18 10:34:42.269000,412.2529868926849,5
2024-09-18 10:34:42.345000,412.27754247648136,1003
2024-09-18 10:34:42.859000,412.2676340932006,995
2024-09-18 10:34:42.914000,412.2547933748707,15
2024-09-18 10:34:43.018000,412.2798998784096,5
2024-09-18 10:34:43.160000,412.2390876173597,5
2024-09-18 10:34:43.173000,412.2489944438154,8
2024-09-18 10:34:43.183000,412.2646388349302,996
2024-09-18 10:34:43.190000,412.2072444786784,999
2024-09-18 10:34:43.225000,412.2657449990724,8
2024-09-18 10:34:43.263000,412.191998824621,104
2024-09-18 10:34:43.302000,412.2795950337096,6
2024-09-18 10:34:43.338000,412.23320974872433,102
2024-09-18 10:34:43.420000,412.2993658502679,14
2024-09-18 10:34:43.435000,412.25915187479126,1004
2024-09-18 10:34:43.461000,412.2478458251764,14
2024-09-18 10:34:43.522000,412.29175119826886,105
2024-09-18 10:34:43.543000,412.21663331047546,1003
2024-09-18 10:34:43.584000,412.2881166074928,104
2024-09-18 10:34:43.597000,412.2597869094853,995
2024-09-18 10:34:43.627000,412.3001212817933,997
2024-09-18 10:34:43.636000,412.2704529687767,997
2024-09-18 10:34:43.660000,412.25947638139087,98
2024-09-18 10:34:43.664000,412.22816420774575,12
2024-09-18 10:34:43.724000,412.2970820491844,1005
2024-09-18 10:34:43.796000,412.2950461018184,104
2024-09-18 10:34:43.865000,412.2935876101088,1004
2024-09-18 10:34:43.897000,412.2157958718744,1005
2024-09-18 10:34:43.938000,412.30457724010085,1004
2024-09-18 10:34:43.949000,412.2494201743456,104
2024-09-18 10:34:43.986000,412.2139545250694,14
2024-09-18 10:34:44.081000,412.24921591700536,6
2024-09-18 10:34:44.168000,412.2131207225536,5
2024-09-18 10:34:44.199000,412.2063831035276,1005
2024-09-18 10:34:44.216000,412.21325750992105,13
2024-09-18 10:34:44.262000,412.22646648192136,101
2024-09-18 10:34:44.313000,412.2395541216554,999
2024-09-18 10:34:44.339000,412.20074534299306,105
2024-09-18 10:34:44.532000,412.2155986524802,14
2024-09-18 10:34:44.594000,412.21477965997593,102
2024-09-18 10:34:44.697000,412.2187172048275,1000
2024-09-18 10:34:44.752000,412.2093266862857,96
2024-09-18 10:34:44.790000,412.2699101116032,1004
2024-09-18 10:34:44.868000,412.241788479138,1004
2024-09-18 10:34:44.971000,412.2066949658124,1004
2024-09-18 10:34:45.059000,412.28825034627664,98
2024-09-18 10:34:45.098000,412.2442954329149,8
2024-09-18 10:34:45.103000,412.2694971925664,11
2024-09-18 10:34:45.151000,412.2509948932656,104
2024-09-18 10:34:45.179000,412.2336820944159,997
2024-09-18 10:34:45.207000,412.25316292235874,995
2024-09-18 10:34:45.213000,412.2424593090303,9
2024-09-18 10:34:45.217000,412.2793709518968,11
2024-09-18 10:34:45.242000,412.2597375878025,1004
2024-09-18 10:34:45.277000,412.255852905749,101
2024-09-18 10:34:45.349000,412.2351333636002,103
2024-09-18 10:34:45.379000,412.2587365191079,996
2024-09-18 10:34:45.391000,412.2832402634269,104
2024-09-18 10:34:45.425000,412.2554925709436,10
2024-09-18 10:34:45.441000,412.2865605724026,997
2024-09-18 10:34:45.474000,412.2555576405675,9
2024-09-18 10:34:45.496000,412.2642301748735,14
2024-09-18 10:34:45.517000,412.2560216880295,104
2024-09-18 10:34:45.596000,412.2363031701148,997
2024-09-18 10:34:45.631000,412.2544218647392,1003
2024-09-18 10:34:45.645000,412.26809104962246,1001
2024-09-18 10:34:45.675000,412.275021003642,14
2024-09-18 10:34:45.874000,412.2547334958552,1003
2024-09-18 10:34:45.929000,412.2649469623022,99
2024-09-18 10:34:45.962000,412.2300743972628,1005
2024-09-18 10:34:45.987000,412.2827970006526,999
2024-09-18 10:34:46.297000,412.2312008512344,1003
2024-09-18 10:34:46.649000,412.23469669012223,97
2024-09-18 10:34:46.733000,412.2711888518798,9
2024-09-18 10:34:46.768000,412.264665101364,1005
2024-09-18 10:34:46.816000,412.2455714194228,15
2024-09-18 10:34:46.972000,412.2457926950025,14
2024-09-18 10:34:47.047000,412.2703210337559,12
2024-09-18 10:34:47.163000,412.2714665698991,997
2024-09-18 10:34:47.469000,412.277324081839,6
2024-09-18 10:34:47.658000,412.26518969926894,12
2024-09-18 10:34:48.010000,412.3165475483633,999
2024-09-18 10:34:48.488000,412.2894746829503,98
2024-09-18 10:34:48.769000,412.30557840885206,1005
2024-09-18 10:34:48.892000,412.2999977842728,995
2024-09-18 10:34:49.066000,412.3125871474427,98
2024-09-18 10:34:49.154000,412.3178483240972,95
2024-09-18 10:34:49.550000,412.310589849698,103
2024-09-18 10:34:49.552000,412.3079054474841,104
2024-09-18 10:34:49.598000,412.3212372583935,10
2024-09-18 10:34:49.873000,412.3062900842129,14
2024-09-18 10:34:50.030000,412.251359338391,11
2024-09-18 10:34:50.180000,412.2777004151072,996
2024-09-18 10:34:50.198000,412.2699646163777,96
2024-09-18 10:34:50.229000,412.3034384550493,999
2024-09-18 10:34:50.273000,412.3094102588657,998
2024-09-18 10:34:50.332000,412.25076541875336,999
2024-09-18 10:34:50.441000,412.26596149546674,96
2024-09-18 10:34:50.487000,412.2934576508767,15
2024-09-18 10:34:50.489000,412.25969652597433,95
2024-09-18 10:34:50.540000,412.2434809937012,995
2024-09-18 10:34:50.545000,412.3107704954834,105
2024-09-18 10:34:50.594000,412.262496274298,997
2024-09-18 10:34:50.609000,412.2691941842544,5
2024-09-18 10:34:50.630000,412.30145251986414,998
2024-09-18 10:34:50.667000,412.283005570647,95
2024-09-18 10:34:50.740000,412.2681343803936,99
2024-09-18 10:34:50.782000,412.2421601212515,101
2024-09-18 10:34:50.826000,412.3084033843179,997
2024-09-18 10:34:50.941000,412.3114884323292,1000
2024-09-18 10:34:50.958000,412.2717779858153,995
2024-09-18 10:34:50.973000,412.3053345100171,1000
2024-09-18 10:34:51.007000,412.32339246418087,997
2024-09-18 10:34:51.041000,412.2543504227629,98
2024-09-18 10:34:51.248000,412.30857858497535,15
2024-09-18 10:34:51.298000,412.2599451040916,6
2024-09-18 10:34:51.616000,412.3097093078177,9
2024-09-18 10:34:51.629000,412.3167528389183,1004
2024-09-18 10:34:51.642000,412.283561075054,998
2024-09-18 10:34:51.724000,412.2902465877775,1005
2024-09-18 10:34:51.933000,412.3137157324324,104
2024-09-18 10:34:51.975000,412.26201932232215,105
2024-09-18 10:34:52.228000,412.2440595235074,12
2024-09-18 10:34:52.355000,412.2468400972514,999
2024-09-18 10:34:52.355000,412.2543126840271,1005
2024-09-18 10:34:52.487000,412.2557582199042,7
2024-09-18 10:34:52.743000,412.2539003169501,96
2024-09-18 10:34:52.915000,412.26160957619874,995
2024-09-18 10:34:52.942000,412.2614757543502,95
2024-09-18 10:34:53.055000,412.17171353096734,1004
2024-09-18 10:34:53.077000,412.21869237360767,11
2024-09-18 10:34:53.078000,412.1963656488068,15
2024-09-18 10:34:53.119000,412.2340995352314,99
2024-09-18 10:34:53.156000,412.2207370206841,1003
2024-09-18 10:34:53.190000,412.1810683273319,103
2024-09-18 10:34:53.226000,412.2136950437991,14
2024-09-18 10:34:53.229000,412.2127456969609,103
2024-09-18 10:34:53.376000,412.1917230015304,12
2024-09-18 10:34:53.390000,412.18914641042215,997
2024-09-18 10:34:53.406000,412.18858201925394,1005
2024-09-18 10:34:53.439000,412.163060491717,95
2024-09-18 10:34:53.455000,412.192159284752,7
2024-09-18 10:34:53.524000,412.2081931219308,96
2024-09-18 10:34:53.589000,412.2104996274168,95
2024-09-18 10:34:53.607000,412.1944227093594,8
2024-09-18 10:34:53.697000,412.1872464117847,96
2024-09-18 10:34:53.710000,412.2118949181166,12
2024-09-18 10:34:53.743000,412.2434871856522,97
2024-09-18 10:34:53.878000,412.2107789363659,995
2024-09-18 10:34:53.892000,412.1573920833137,102
2024-09-18 10:34:53.926000,412.1908695056144,1004
2024-09-18 10:34:53.940000,412.2304508215532,105
2024-09-18 10:34:53.971000,412.16621889725656,13
2024-09-18 10:34:54.106000,412.2182792578821,999
2024-09-18 10:34:54.184000,412.2291936273612,997
2024-09-18 10:34:54.217000,412.24027378600096,995
2024-09-18 10:34:54.233000,412.19580085634686,14
2024-09-18 10:34:54.242000,412.1990503077684,8
2024-09-18 10:34:54.310000,412.1953312057419,1003
2024-09-18 10:34:54.372000,412.20320705773867,97
2024-09-18 10:34:54.410000,412.2287123330436,96
2024-09-18 10:34:54.471000,412.21258735906736,13
2024-09-18 10:34:54.480000,412.2335232148423,102
2024-09-18 10:34:54.518000,412.233841584878,103
2024-09-18 10:34:54.519000,412.20242280535234,13
2024-09-18 10:34:54.602000,412.2240300217206,1002
2024-09-18 10:34:54.768000,412.2244953328366,105
2024-09-18 10:34:54.791000,412.2280559642092,95
2024-09-18 10:34:54.873000,412.2080778115639,7
2024-09-18 10:34:54.881000,412.2226719961303,102
2024-09-18 10:34:55,412.1826902130354,96
2024-09-18 10:34:55.015000,412.1941758162583,1005
2024-09-18 10:34:55.036000,412.1904307999711,95
2024-09-18 10:34:55.042000,412.167715413638,96
2024-09-18 10:34:55.072000,412.1922835732693,996
2024-09-18 10:34:55.105000,412.1717791325031,11
2024-09-18 10:34:55.111000,412.1549871077544,101
2024-09-18 10:34:55.160000,412.1762888704121,997
2024-09-18 10:34:55.205000,412.1796378162309,997
2024-09-18 10:34:55.237000,412.20859840502607,14
2024-09-18 10:34:55.268000,412.1599741908128,14
2024-09-18 10:34:55.301000,412.2118461946075,1005
2024-09-18 10:34:55.356000,412.2088583512485,15
2024-09-18 10:34:55.379000,412.21271883526026,101
2024-09-18 10:34:55.389000,412.1854974655971,6
2024-09-18 10:34:55.398000,412.17667625524206,996
2024-09-18 10:34:55.407000,412.2016908496855,103
2024-09-18 10:34:55.459000,412.16650978240136,5
2024-09-18 10:34:55.483000,412.1606444132199,1002
2024-09-18 10:34:55.484000,412.19928127752365,100
2024-09-18 10:34:55.486000,412.1823247332069,995
2024-09-18 10:34:55.498000,412.1922887957366,103
2024-09-18 10:34:55.722000,412.2097061484402,1004
2024-09-18 10:34:55.745000,412.2107733849369,104
2024-09-18 10:34:55.792000,412.1770341931585,103
2024-09-18 10:34:55.829000,412.17666640851365,10
2024-09-18 10:34:55.996000,412.20220315231336,104
2024-09-18 10:34:56.022000,412.1715997205532,997
2024-09-18 10:34:56.066000,412.1130250455419,105
2024-09-18 10:34:56.112000,412.1225372627856,11
2024-09-18 10:34:56.114000,412.1241594180581,13
2024-09-18 10:34:56.180000,412.1186499716589,99
2024-09-18 10:34:56.197000,412.16645677299385,97
2024-09-18 10:34:56.380000,412.14237624581256,999
2024-09-18 10:34:56.457000,412.1455005124006,98
2024-09-18 10:34:56.520000,412.12984002949946,102
2024-09-18 10:34:56.557000,412.1241081087943,12
2024-09-18 10:34:56.588000,412.097658395883,97
2024-09-18 10:34:56.611000,412.1691593786421,13
2024-09-18 10:34:56.816000,412.1577946720285,995
2024-09-18 10:34:56.857000,412.1435018127396,104
2024-09-18 10:34:56.947000,412.1988665002455,1005
2024-09-18 10:34:56.970000,412.17852067756655,1001
2024-09-18 10:34:57,412.17791477217617,10
2024-09-18 10:34:57.026000,412.1728524383333,1003
2024-09-18 10:34:57.029000,412.1481913707907,1001
2024-09-18 10:34:57.161000,412.18523265053415,103
2024-09-18 10:34:57.161000,412.0849042116798,1004
2024-09-18 10:34:57.245000,412.1687727848066,12
2024-09-18 10:34:57.281000,412.0940059191207,96
2024-09-18 10:34:57.296000,412.09317589448347,95
2024-09-18 10:34:57.299000,412.1026161831869,14
2024-09-18 10:34:57.339000,412.1687680557534,1004
2024-09-18 10:34:57.538000,412.19576386484266,104
2024-09-18 10:34:57.540000,412.1367016977376,99
2024-09-18 10:34:57.546000,412.0841040402305,95
2024-09-18 10:34:57.548000,412.1036151649658,9
2024-09-18 10:34:57.583000,412.18376431344814,103
2024-09-18 10:34:57.591000,412.1923925389216,5
2024-09-18 10:34:57.608000,412.18862096131016,6
2024-09-18 10:34:57.613000,412.1372570013361,13
2024-09-18 10:34:57.668000,412.1356833522855,14
2024-09-18 10:34:57.681000,412.09386741819526,98
2024-09-18 10:34:57.712000,412.11141782760274,102
2024-09-18 10:34:57.725000,412.127330471022,7
2024-09-18 10:34:57.777000,412.18836110629127,98
2024-09-18 10:34:57.852000,412.1341359107376,995
2024-09-18 10:34:57.876000,412.1913508455224,105
2024-09-18 10:34:57.884000,412.13047943279577,100
2024-09-18 10:34:57.887000,412.0974328610533,997
2024-09-18 10:34:57.899000,412.166081548002,8
2024-09-18 10:34:57.909000,412.1779142617826,103
2024-09-18 10:34:57.989000,412.13447547659695,15
2024-09-18 10:34:58.002000,412.0758476219268,9
2024-09-18 10:34:58.054000,412.1031083394619,95
2024-09-18 10:34:58.103000,412.1055807097661,98
2024-09-18 10:34:58.155000,412.0852600689775,997
2024-09-18 10:34:58.199000,412.0956637167361,1003
2024-09-18 10:34:58.213000,412.0983248477816,5
2024-09-18 10:34:58.341000,412.0459191108025,997
2024-09-18 10:34:58.522000,412.1000540231467,96
2024-09-18 10:34:58.538000,412.0567029770343,1000
2024-09-18 10:34:58.539000,412.0839438833098,996
2024-09-18 10:34:58.561000,412.0658615130828,10
2024-09-18 10:34:58.590000,412.06130671796296,10
2024-09-18 10:34:58.615000,412.1153539902324,14
2024-09-18 10:34:58.658000,412.0738881897592,6
2024-09-18 10:34:58.815000,412.0806642804698,14
2024-09-18 10:34:58.995000,412.087521064598,96
2024-09-18 10:34:59.005000,412.0619669239976,996
2024-09-18 10:34:59.020000,412.0065528077802,95
2024-09-18 10:34:59.054000,412.0376826874235,9
2024-09-18 10:34:59.116000,412.02570445400914,102
2024-09-18 10:34:59.120000,412.077417072928,96
2024-09-18 10:34:59.205000,412.0847044984832,998
2024-09-18 10:34:59.210000,412.07410124265465,14
2024-09-18 10:34:59.238000,412.05490582950273,9
2024-09-18 10:34:59.280000,412.0441499065844,7
2024-09-18 10:34:59.345000,412.0194650611801,1003
2024-09-18 10:34:59.351000,412.0326619119303,98
2024-09-18 10:34:59.538000,412.0552557463717,103
2024-09-18 10:34:59.650000,412.0561104277206,1005
2024-09-18 10:34:59.689000,412.0255076079848,1002
2024-09-18 10:34:59.729000,412.0863428205843,15
2024-09-18 10:34:59.756000,412.0025191344702,99
2024-09-18 10:34:59.785000,412.0360234822004,996
2024-09-18 10:34:59.810000,412.0740923777736,1001
2024-09-18 10:34:59.842000,412.03198264560535,95
2024-09-18 10:34:59.898000,411.9997667472692,6
2024-09-18 10:34:59.959000,412.0697885477887,98
2024-09-18 10:34:59.982000,412.022716386338,11
