Timestamp,Price,Size
2024-09-16 15:31:00.052000,415.8413047359815,97
2024-09-16 15:31:00.085000,415.8490194268812,99
2024-09-16 15:31:00.140000,415.8506770528484,5
2024-09-16 15:31:00.152000,415.8533913768517,1005
2024-09-16 15:31:00.216000,415.8433498382049,1004
2024-09-16 15:31:00.288000,415.8359908213984,99
2024-09-16 15:31:00.314000,415.8519715252259,95
2024-09-16 15:31:00.398000,415.8470436575607,1004
2024-09-16 15:31:00.842000,415.8378896290484,999
2024-09-16 15:31:00.926000,415.85321491545847,7
2024-09-16 15:31:01.006000,415.9477104477863,103
2024-09-16 15:31:01.019000,415.9879514405592,99
2024-09-16 15:31:01.129000,415.9085618359158,1003
2024-09-16 15:31:01.138000,415.93543829639697,999
2024-09-16 15:31:01.173000,415.9403392793746,97
2024-09-16 15:31:01.226000,415.8904551696353,998
2024-09-16 15:31:01.300000,415.8955645030026,1004
2024-09-16 15:31:01.500000,415.97074362172816,95
2024-09-16 15:31:01.510000,415.9612443270583,102
2024-09-16 15:31:01.558000,415.9400217710036,13
2024-09-16 15:31:01.590000,415.9627417954292,1003
2024-09-16 15:31:01.618000,415.96915047394975,1003
2024-09-16 15:31:01.645000,415.959874638673,5
2024-09-16 15:31:01.662000,415.8846429078569,100
2024-09-16 15:31:01.666000,415.9619969617484,105
2024-09-16 15:31:01.699000,415.8796778212079,15
2024-09-16 15:31:01.708000,415.9237280384255,8
2024-09-16 15:31:01.709000,415.9080950434704,1001
2024-09-16 15:31:01.781000,415.9301665709722,1002
2024-09-16 15:31:01.950000,415.94987401524577,104
2024-09-16 15:31:01.993000,415.9599771572652,999
2024-09-16 15:31:02.073000,416.002769523357,1005
2024-09-16 15:31:02.300000,416.0049837701636,95
2024-09-16 15:31:02.425000,416.0126342629016,1001
2024-09-16 15:31:02.434000,415.9950642255913,1003
2024-09-16 15:31:02.459000,415.9899376205148,14
2024-09-16 15:31:02.470000,416.0196844624923,8
2024-09-16 15:31:02.581000,416.0076239829434,95
2024-09-16 15:31:02.605000,416.0067671604046,999
2024-09-16 15:31:02.659000,416.0313410076572,998
2024-09-16 15:31:02.688000,415.9909712092218,12
2024-09-16 15:31:02.688000,416.0231699748567,11
2024-09-16 15:31:02.739000,416.0142345820458,13
2024-09-16 15:31:02.792000,415.9912845814235,8
2024-09-16 15:31:02.806000,416.0299023546925,97
2024-09-16 15:31:02.865000,416.0096836497219,5
2024-09-16 15:31:03,415.9037458713469,104
2024-09-16 15:31:03.006000,415.8943020559685,9
2024-09-16 15:31:03.065000,415.8831351572869,104
2024-09-16 15:31:03.121000,415.9014500472173,98
2024-09-16 15:31:03.125000,415.8925241025036,1005
2024-09-16 15:31:03.201000,415.8983729087584,6
2024-09-16 15:31:03.399000,415.9116386896023,98
2024-09-16 15:31:03.409000,415.955587821187,1001
2024-09-16 15:31:03.428000,415.9062248326187,10
2024-09-16 15:31:03.481000,415.9647784547088,105
2024-09-16 15:31:03.584000,415.894836593256,103
2024-09-16 15:31:03.593000,415.9062287014356,996
2024-09-16 15:31:03.609000,415.94646087200937,7
2024-09-16 15:31:03.631000,415.8948235664717,97
2024-09-16 15:31:03.646000,415.9092638150282,1002
2024-09-16 15:31:03.687000,415.8913905399219,7
2024-09-16 15:31:03.719000,415.9628263261071,10
2024-09-16 15:31:03.754000,415.9675371482517,1001
2024-09-16 15:31:03.756000,415.9872839974694,95
2024-09-16 15:31:03.838000,415.91276033349646,13
2024-09-16 15:31:03.916000,415.9583217719328,998
2024-09-16 15:31:03.932000,416.003243450432,15
2024-09-16 15:31:03.961000,415.9010819282482,12
2024-09-16 15:31:03.974000,415.8936086868548,96
2024-09-16 15:31:03.999000,415.8904214664914,14
2024-09-16 15:31:04.367000,415.86225901785343,104
2024-09-16 15:31:04.388000,415.86399213285176,1001
2024-09-16 15:31:04.521000,415.8719432481182,96
2024-09-16 15:31:04.545000,415.8669463858658,1002
2024-09-16 15:31:04.661000,415.8584146947924,1002
2024-09-16 15:31:04.811000,415.8647748767731,15
2024-09-16 15:31:04.874000,415.86475515505066,15
2024-09-16 15:31:04.965000,415.8436693827247,996
2024-09-16 15:31:05.053000,415.92501312969335,6
2024-09-16 15:31:05.198000,415.903088433191,100
2024-09-16 15:31:05.237000,415.903789218964,5
2024-09-16 15:31:05.262000,415.8834383656328,1001
2024-09-16 15:31:05.409000,415.9225746302428,12
2024-09-16 15:31:05.417000,415.92256730605135,99
2024-09-16 15:31:05.421000,415.91057640262216,1000
2024-09-16 15:31:05.440000,415.9081631562776,97
2024-09-16 15:31:05.535000,415.8886905887797,1002
2024-09-16 15:31:05.734000,415.9195114383435,103
2024-09-16 15:31:05.784000,415.9169024502306,5
2024-09-16 15:31:05.797000,415.8960321071086,9
2024-09-16 15:31:05.946000,415.9270098525769,10
2024-09-16 15:31:05.976000,415.9148066401737,101
2024-09-16 15:31:06.139000,415.9344533083044,11
2024-09-16 15:31:06.187000,415.9104570236304,7
2024-09-16 15:31:06.237000,415.9301085851049,1000
2024-09-16 15:31:06.306000,415.94197515613024,96
2024-09-16 15:31:06.325000,415.9281083571288,103
2024-09-16 15:31:06.441000,415.92165935120966,105
2024-09-16 15:31:06.458000,415.93240158935487,996
2024-09-16 15:31:06.615000,415.9398562683237,1005
2024-09-16 15:31:06.734000,415.9207103638496,6
2024-09-16 15:31:06.741000,415.9243937353276,1003
2024-09-16 15:31:06.861000,415.91510936967234,103
2024-09-16 15:31:06.877000,415.9454259076386,8
2024-09-16 15:31:06.985000,415.9426068102093,104
2024-09-16 15:31:07.047000,415.9510251260357,11
2024-09-16 15:31:07.107000,415.9554008399778,99
2024-09-16 15:31:07.129000,415.94387165246224,103
2024-09-16 15:31:07.174000,415.95523018482766,6
2024-09-16 15:31:07.205000,415.9411671634703,100
2024-09-16 15:31:07.263000,415.9513371346189,14
2024-09-16 15:31:07.283000,415.9595757363533,1005
2024-09-16 15:31:07.324000,415.9490127341553,104
2024-09-16 15:31:07.327000,415.9572026381641,103
2024-09-16 15:31:07.353000,415.9389665293368,102
2024-09-16 15:31:07.355000,415.96111703561735,8
2024-09-16 15:31:07.437000,415.9466570906845,12
2024-09-16 15:31:07.439000,415.9447896353541,104
2024-09-16 15:31:07.474000,415.940973728776,103
2024-09-16 15:31:07.517000,415.9585800100752,999
2024-09-16 15:31:07.654000,415.94079469962105,12
2024-09-16 15:31:07.669000,415.95321209198033,10
2024-09-16 15:31:07.971000,415.949169496925,104
2024-09-16 15:31:08.064000,416.0161270823706,1004
2024-09-16 15:31:08.094000,415.9510900514478,13
2024-09-16 15:31:08.099000,416.0193177978287,12
2024-09-16 15:31:08.110000,415.9468987685861,12
2024-09-16 15:31:08.147000,416.0098598124686,998
2024-09-16 15:31:08.251000,415.9996946924382,9
2024-09-16 15:31:08.364000,416.0136768209932,1004
2024-09-16 15:31:08.403000,416.0127624489828,8
2024-09-16 15:31:08.435000,415.9852752790438,1003
2024-09-16 15:31:08.439000,416.01038074473513,7
2024-09-16 15:31:08.439000,416.0092808279002,1000
2024-09-16 15:31:08.482000,415.9902505150405,102
2024-09-16 15:31:08.507000,415.9979784146267,995
2024-09-16 15:31:08.513000,415.97994764995417,104
2024-09-16 15:31:08.513000,415.9929527682938,100
2024-09-16 15:31:08.542000,416.00517653249767,97
2024-09-16 15:31:08.564000,415.9482235898928,104
2024-09-16 15:31:08.619000,416.01422222041776,99
2024-09-16 15:31:08.716000,416.00726386564537,102
2024-09-16 15:31:08.724000,415.9685540404938,1000
2024-09-16 15:31:08.732000,415.999980880572,13
2024-09-16 15:31:08.740000,416.0134759721464,99
2024-09-16 15:31:08.757000,415.9508209109876,12
2024-09-16 15:31:08.767000,415.99489369208055,12
2024-09-16 15:31:08.768000,416.01750239864623,98
2024-09-16 15:31:08.892000,416.0147367023929,7
2024-09-16 15:31:08.899000,416.017425450195,1003
2024-09-16 15:31:08.931000,415.9875571354933,5
2024-09-16 15:31:08.967000,416.0225816695927,996
2024-09-16 15:31:08.978000,416.0064487652754,95
2024-09-16 15:31:09.116000,416.03599918422776,996
2024-09-16 15:31:09.134000,416.0365498694193,104
2024-09-16 15:31:09.309000,416.0381035957497,1001
2024-09-16 15:31:09.408000,416.0604019056424,99
2024-09-16 15:31:09.519000,416.0366423864538,7
2024-09-16 15:31:09.542000,416.02521678225247,1002
2024-09-16 15:31:09.597000,416.0264834386814,99
2024-09-16 15:31:09.904000,416.03550115029975,999
2024-09-16 15:31:10.435000,416.07605354562537,14
2024-09-16 15:31:10.574000,416.0741749430169,1002
2024-09-16 15:31:10.967000,416.0660754360868,97
2024-09-16 15:31:11.022000,416.0550367255647,8
2024-09-16 15:31:11.122000,416.05154687978825,1001
2024-09-16 15:31:11.191000,416.02462418980224,10
2024-09-16 15:31:11.222000,416.0450132587044,103
2024-09-16 15:31:11.335000,416.0458785595533,14
2024-09-16 15:31:11.420000,416.0640390154522,1000
2024-09-16 15:31:11.440000,416.0418591535555,1002
2024-09-16 15:31:11.464000,416.0902224738471,1000
2024-09-16 15:31:11.490000,416.0279908353253,10
2024-09-16 15:31:11.528000,416.0969600419306,8
2024-09-16 15:31:11.539000,416.05269888306793,101
2024-09-16 15:31:11.545000,416.0590884807245,97
2024-09-16 15:31:11.592000,416.0552289133399,9
2024-09-16 15:31:11.707000,416.0521722069553,99
2024-09-16 15:31:11.733000,416.051603691446,98
2024-09-16 15:31:11.761000,416.0679190101813,9
2024-09-16 15:31:11.815000,416.08999696729154,97
2024-09-16 15:31:11.823000,416.0658015266605,995
2024-09-16 15:31:11.867000,416.0507126582718,105
2024-09-16 15:31:11.895000,416.0601323993261,5
2024-09-16 15:31:12.041000,416.0206759677799,1004
2024-09-16 15:31:12.177000,416.02174928783097,7
2024-09-16 15:31:12.370000,416.0068422429719,10
2024-09-16 15:31:12.439000,416.0243009078544,14
2024-09-16 15:31:12.545000,416.0358663055732,9
2024-09-16 15:31:12.619000,416.0271103909829,1000
2024-09-16 15:31:13.026000,416.0994662075174,105
2024-09-16 15:31:13.199000,416.123688494682,101
2024-09-16 15:31:13.215000,416.04832225105287,14
2024-09-16 15:31:13.224000,416.0350890760105,98
2024-09-16 15:31:13.283000,416.0790570253869,15
2024-09-16 15:31:13.400000,416.047217009927,1005
2024-09-16 15:31:13.402000,416.0446560431125,996
2024-09-16 15:31:13.502000,416.13343458971656,10
2024-09-16 15:31:13.531000,416.0559868006563,11
2024-09-16 15:31:13.633000,416.0353230651143,6
2024-09-16 15:31:13.640000,416.059695112193,102
2024-09-16 15:31:13.676000,416.0638219088215,13
2024-09-16 15:31:13.680000,416.14086420146623,95
2024-09-16 15:31:13.698000,416.02844285805713,105
2024-09-16 15:31:13.737000,416.1333673241084,102
2024-09-16 15:31:13.749000,416.0429157644336,997
2024-09-16 15:31:13.756000,416.0648434934476,7
2024-09-16 15:31:13.841000,416.0407456193661,15
2024-09-16 15:31:13.842000,416.0427086641952,97
2024-09-16 15:31:13.869000,416.12086431397415,95
2024-09-16 15:31:13.914000,416.0483610470476,13
2024-09-16 15:31:14.009000,416.1060660985439,13
2024-09-16 15:31:14.024000,416.0990941856195,5
2024-09-16 15:31:14.113000,416.1110778319776,96
2024-09-16 15:31:14.175000,416.0428199044636,98
2024-09-16 15:31:14.183000,416.0392287963416,14
2024-09-16 15:31:14.207000,416.0403505191327,998
2024-09-16 15:31:14.236000,416.0463287460902,998
2024-09-16 15:31:14.267000,416.0529119196101,95
2024-09-16 15:31:14.299000,416.0630322331572,6
2024-09-16 15:31:14.345000,416.0461763406318,9
2024-09-16 15:31:14.354000,416.07154293144,1004
2024-09-16 15:31:14.372000,416.0583995795005,1001
2024-09-16 15:31:14.449000,416.0557465310124,99
2024-09-16 15:31:14.479000,416.09888204877205,999
2024-09-16 15:31:14.543000,416.08875154694414,9
2024-09-16 15:31:14.553000,416.0556162588855,5
2024-09-16 15:31:14.561000,416.09247036742704,1005
2024-09-16 15:31:14.644000,416.0414890536682,10
2024-09-16 15:31:14.707000,416.0465448997396,9
2024-09-16 15:31:14.864000,416.10818037145566,6
2024-09-16 15:31:14.868000,416.09504193835227,5
2024-09-16 15:31:14.907000,416.0640917750738,97
2024-09-16 15:31:14.964000,416.0495311854218,995
2024-09-16 15:31:14.971000,416.0790692491455,6
2024-09-16 15:31:14.974000,416.0418660403466,5
2024-09-16 15:31:15.067000,416.07716249622337,996
2024-09-16 15:31:15.077000,416.07968212354535,1005
2024-09-16 15:31:15.320000,416.0769235710072,102
2024-09-16 15:31:15.428000,416.0731290285573,15
2024-09-16 15:31:15.836000,416.0782804191923,8
2024-09-16 15:31:15.839000,416.0738510577421,1005
2024-09-16 15:31:15.918000,416.0777656043213,1004
2024-09-16 15:31:16.067000,416.07922130006665,105
2024-09-16 15:31:16.069000,416.05306977501255,1004
2024-09-16 15:31:16.081000,416.0351255137256,1004
2024-09-16 15:31:16.132000,416.06377012546375,996
2024-09-16 15:31:16.261000,416.0606857758587,104
2024-09-16 15:31:16.285000,416.06356252767375,100
2024-09-16 15:31:16.341000,416.0493057990303,7
2024-09-16 15:31:16.358000,416.0233207571068,13
2024-09-16 15:31:16.426000,416.0501892062228,1000
2024-09-16 15:31:16.426000,416.0767826059897,97
2024-09-16 15:31:16.446000,416.0898635006886,998
2024-09-16 15:31:16.469000,416.07308629596673,99
2024-09-16 15:31:16.475000,416.0752802980328,9
2024-09-16 15:31:16.505000,416.062375159421,1003
2024-09-16 15:31:16.531000,416.0573375654545,11
2024-09-16 15:31:16.619000,416.0587760379144,1003
2024-09-16 15:31:16.625000,416.0612269518783,10
2024-09-16 15:31:16.815000,416.0604912443989,8
2024-09-16 15:31:16.827000,416.0830936958674,7
2024-09-16 15:31:16.866000,416.0390091714234,5
2024-09-16 15:31:16.898000,416.1054473627417,998
2024-09-16 15:31:16.954000,416.0469570073407,103
2024-09-16 15:31:17.171000,416.14367748005833,14
2024-09-16 15:31:17.205000,416.15338907110544,11
2024-09-16 15:31:17.281000,416.1244510056565,101
2024-09-16 15:31:17.319000,416.1378290159028,98
2024-09-16 15:31:17.372000,416.1211630897246,998
2024-09-16 15:31:17.682000,416.149238907382,14
2024-09-16 15:31:17.910000,416.139432627787,105
2024-09-16 15:31:18.119000,416.1394052674103,14
2024-09-16 15:31:18.128000,416.1417137024469,998
2024-09-16 15:31:18.139000,416.1506416014202,105
2024-09-16 15:31:18.212000,416.1401707244077,104
2024-09-16 15:31:18.297000,416.1650249844924,997
2024-09-16 15:31:18.298000,416.13853235819874,100
2024-09-16 15:31:18.331000,416.1393907928522,104
2024-09-16 15:31:18.383000,416.1374993185768,1000
2024-09-16 15:31:18.413000,416.1644922187811,997
2024-09-16 15:31:18.423000,416.1517209593241,105
2024-09-16 15:31:18.459000,416.1603090482209,5
2024-09-16 15:31:18.555000,416.17186580676633,1004
2024-09-16 15:31:18.581000,416.14745071231886,97
2024-09-16 15:31:18.673000,416.15636172526695,998
2024-09-16 15:31:18.794000,416.1421941682469,99
2024-09-16 15:31:18.824000,416.1522753262841,10
2024-09-16 15:31:18.879000,416.1333305259903,105
2024-09-16 15:31:18.967000,416.1502338989448,8
2024-09-16 15:31:19.029000,416.1387476629076,15
2024-09-16 15:31:19.055000,416.1208742492791,999
2024-09-16 15:31:19.077000,416.1503360442521,8
2024-09-16 15:31:19.518000,416.0794699612323,1003
2024-09-16 15:31:19.539000,416.133749205837,5
2024-09-16 15:31:19.700000,416.0858298053173,11
2024-09-16 15:31:19.707000,416.13860360526274,97
2024-09-16 15:31:19.734000,416.1309173146993,1005
2024-09-16 15:31:19.753000,416.0950710454081,96
2024-09-16 15:31:19.784000,416.0940518289688,12
2024-09-16 15:31:19.832000,416.0876798553837,11
2024-09-16 15:31:19.925000,416.1270481742359,1004
2024-09-16 15:31:19.982000,416.0967901226835,9
2024-09-16 15:31:20.105000,416.0245391519617,995
2024-09-16 15:31:20.109000,416.0111681461012,7
2024-09-16 15:31:20.142000,416.03794314862944,9
2024-09-16 15:31:20.327000,416.09996694997767,96
2024-09-16 15:31:20.404000,416.0015400414919,95
2024-09-16 15:31:20.435000,415.9962477959534,14
2024-09-16 15:31:20.448000,416.0150359722504,6
2024-09-16 15:31:20.561000,416.0357126185576,11
2024-09-16 15:31:20.599000,415.9948058640871,6
2024-09-16 15:31:20.600000,416.0912171182198,6
2024-09-16 15:31:20.862000,416.0665465312992,6
2024-09-16 15:31:20.865000,416.0949312253486,1004
2024-09-16 15:31:20.888000,415.9951508013932,98
2024-09-16 15:31:20.892000,416.0855311543829,1000
2024-09-16 15:31:20.895000,416.0710300808216,7
2024-09-16 15:31:21.050000,416.0449439467182,101
2024-09-16 15:31:21.056000,416.0169598336514,999
2024-09-16 15:31:21.067000,416.04134476970864,995
2024-09-16 15:31:21.092000,416.0326956425529,999
2024-09-16 15:31:21.093000,415.99999923847474,5
2024-09-16 15:31:21.117000,416.0399080656799,998
2024-09-16 15:31:21.131000,416.0295557461248,999
2024-09-16 15:31:21.163000,416.0389350991468,995
2024-09-16 15:31:21.175000,416.0149993636135,10
2024-09-16 15:31:21.177000,416.0582060912282,6
2024-09-16 15:31:21.188000,416.017936879269,95
2024-09-16 15:31:21.209000,416.0363517050122,5
2024-09-16 15:31:21.266000,415.9963923240024,11
2024-09-16 15:31:21.358000,416.0035251195106,101
2024-09-16 15:31:21.400000,416.0012088707925,13
2024-09-16 15:31:21.432000,416.0557316163556,98
2024-09-16 15:31:21.501000,416.0198966882506,5
2024-09-16 15:31:21.508000,416.008565050886,5
2024-09-16 15:31:21.551000,416.0469895404694,1002
2024-09-16 15:31:21.636000,416.0146134969072,7
2024-09-16 15:31:21.640000,416.033977361837,12
2024-09-16 15:31:21.704000,415.9981180530864,5
2024-09-16 15:31:21.827000,416.0152894756456,105
2024-09-16 15:31:21.862000,416.0156448954808,6
2024-09-16 15:31:21.889000,416.00520862676353,996
2024-09-16 15:31:21.907000,416.0477307742312,101
2024-09-16 15:31:21.926000,416.0426732693251,1005
2024-09-16 15:31:21.959000,416.03794727719344,104
2024-09-16 15:31:21.994000,416.01684894401694,5
2024-09-16 15:31:22.049000,415.9803090587449,95
2024-09-16 15:31:22.156000,415.99243469580097,7
2024-09-16 15:31:22.256000,415.9852784443942,101
2024-09-16 15:31:22.280000,415.98517901122153,10
2024-09-16 15:31:22.292000,415.9728120688373,13
2024-09-16 15:31:22.381000,415.982608807426,9
2024-09-16 15:31:22.382000,415.9945450101668,96
2024-09-16 15:31:22.451000,416.00181763173975,996
2024-09-16 15:31:22.457000,415.9752067294007,11
2024-09-16 15:31:22.472000,415.986699390256,103
2024-09-16 15:31:22.653000,415.958842719349,1000
2024-09-16 15:31:22.729000,415.99077389080446,101
2024-09-16 15:31:22.741000,415.9991717530125,5
2024-09-16 15:31:22.742000,415.9957378842197,12
2024-09-16 15:31:22.778000,417.1613525864267,15
2024-09-16 15:31:22.783000,415.997001325387,97
2024-09-16 15:31:22.798000,415.9955461028235,12
2024-09-16 15:31:22.816000,415.9798984355191,105
2024-09-16 15:31:22.844000,415.9618764308764,997
2024-09-16 15:31:22.865000,415.97553307771454,9
2024-09-16 15:31:22.881000,415.9800783436726,103
2024-09-16 15:31:22.885000,415.9901929406556,996
2024-09-16 15:31:22.919000,415.9886615667337,12
2024-09-16 15:31:22.963000,415.9782870852184,996
2024-09-16 15:31:22.995000,415.9867461308551,11
2024-09-16 15:31:23.078000,415.95786336098985,105
2024-09-16 15:31:23.082000,415.9001385385455,97
2024-09-16 15:31:23.103000,415.91504463067525,11
2024-09-16 15:31:23.173000,415.9671088965358,97
2024-09-16 15:31:23.251000,415.9062328195502,13
2024-09-16 15:31:23.459000,415.8939399630628,9
2024-09-16 15:31:23.465000,415.91180565040406,104
2024-09-16 15:31:23.536000,415.9804126518409,95
2024-09-16 15:31:23.569000,415.9943327900056,100
2024-09-16 15:31:23.634000,415.9587832539062,6
2024-09-16 15:31:23.652000,415.9806824697643,8
2024-09-16 15:31:23.717000,415.9392800206501,1004
2024-09-16 15:31:23.769000,415.92594633551255,1004
2024-09-16 15:31:23.770000,415.98477879412735,102
2024-09-16 15:31:23.794000,415.9768372187387,1001
2024-09-16 15:31:23.863000,415.9885403157392,11
2024-09-16 15:31:23.895000,415.9594699310589,102
2024-09-16 15:31:23.926000,415.9343190933486,12
2024-09-16 15:31:23.927000,415.9404404538888,98
2024-09-16 15:31:23.934000,415.9541509045792,1001
2024-09-16 15:31:24.029000,415.80666015361777,105
2024-09-16 15:31:24.040000,415.835043280366,103
2024-09-16 15:31:24.066000,415.8372393332471,7
2024-09-16 15:31:24.190000,415.8120320824112,995
2024-09-16 15:31:24.330000,415.8879234391605,102
2024-09-16 15:31:24.339000,415.8943213211154,5
2024-09-16 15:31:24.358000,415.88401423393697,1001
2024-09-16 15:31:24.394000,415.8976924194588,1003
2024-09-16 15:31:24.397000,415.8580212830004,1002
2024-09-16 15:31:24.500000,415.8555345347051,1001
2024-09-16 15:31:24.526000,415.8000768654699,11
2024-09-16 15:31:24.555000,415.8251746392849,7
2024-09-16 15:31:24.578000,415.79411160473376,1002
2024-09-16 15:31:24.647000,415.8424623252565,998
2024-09-16 15:31:24.674000,415.8978764087932,101
2024-09-16 15:31:24.727000,415.89590873926727,99
2024-09-16 15:31:24.745000,415.8194579090584,97
2024-09-16 15:31:24.749000,415.90726036417,8
2024-09-16 15:31:24.823000,415.8934007978771,1000
2024-09-16 15:31:24.868000,415.7957344798445,105
2024-09-16 15:31:24.978000,415.8121356592392,5
2024-09-16 15:31:24.984000,415.9087399047444,99
2024-09-16 15:31:25.028000,415.8136621702738,6
2024-09-16 15:31:25.055000,415.8273406796538,102
2024-09-16 15:31:25.063000,415.7998693467167,99
2024-09-16 15:31:25.091000,415.8297836172629,105
2024-09-16 15:31:25.269000,415.82556850835175,12
2024-09-16 15:31:25.299000,415.8382045590106,997
2024-09-16 15:31:25.321000,415.80745059624,96
2024-09-16 15:31:25.429000,415.8154513815456,1003
2024-09-16 15:31:26.098000,415.798589241427,10
2024-09-16 15:31:26.175000,415.8668736968416,12
2024-09-16 15:31:26.205000,415.778035804814,1000
2024-09-16 15:31:26.315000,415.8224243478562,999
2024-09-16 15:31:26.383000,415.86480056226304,99
2024-09-16 15:31:26.406000,415.7954806708767,5
2024-09-16 15:31:26.406000,415.8079438919536,10
2024-09-16 15:31:26.433000,415.839922698347,98
2024-09-16 15:31:26.485000,415.8373129536812,7
2024-09-16 15:31:26.515000,415.8069172469308,12
2024-09-16 15:31:26.559000,415.85086571377707,13
2024-09-16 15:31:26.616000,415.8451276394989,96
2024-09-16 15:31:26.638000,415.78998107292864,995
2024-09-16 15:31:26.685000,415.7723763466852,14
2024-09-16 15:31:26.685000,415.8015207978456,1002
2024-09-16 15:31:26.719000,415.8497961235032,1004
2024-09-16 15:31:26.750000,415.8213046658057,995
2024-09-16 15:31:26.760000,415.7833790506683,998
2024-09-16 15:31:26.766000,415.85184016976336,98
2024-09-16 15:31:26.789000,415.79445249494194,13
2024-09-16 15:31:26.795000,415.8665257295972,15
2024-09-16 15:31:26.849000,415.7921751293757,11
2024-09-16 15:31:26.918000,415.7872823570794,9
2024-09-16 15:31:26.936000,415.773932400818,1002
2024-09-16 15:31:27.106000,415.8137201461136,12
2024-09-16 15:31:27.223000,415.7401197543493,100
2024-09-16 15:31:27.292000,415.7324901190029,15
2024-09-16 15:31:27.318000,415.812071103596,1001
2024-09-16 15:31:27.319000,415.72584926943375,9
2024-09-16 15:31:27.343000,415.7264011945644,5
2024-09-16 15:31:27.367000,415.817045993259,1001
2024-09-16 15:31:27.430000,415.7943359440133,1001
2024-09-16 15:31:27.431000,415.7323230295651,996
2024-09-16 15:31:27.449000,415.7278589054409,14
2024-09-16 15:31:27.517000,415.722577460009,105
2024-09-16 15:31:27.571000,415.7656652923704,1002
2024-09-16 15:31:27.615000,415.7942375027526,1001
2024-09-16 15:31:27.676000,415.7477642535576,1001
2024-09-16 15:31:27.697000,415.7191717373348,6
2024-09-16 15:31:27.713000,415.8021734913801,99
2024-09-16 15:31:27.719000,415.73119771570816,8
2024-09-16 15:31:27.727000,415.725783513619,995
2024-09-16 15:31:27.783000,415.79915249021656,1000
2024-09-16 15:31:27.787000,415.808251495839,996
2024-09-16 15:31:27.815000,415.8050992302077,996
2024-09-16 15:31:27.861000,415.73373300156845,100
2024-09-16 15:31:27.967000,415.7964101869341,105
2024-09-16 15:31:27.995000,415.7962896096878,997
2024-09-16 15:31:28.038000,415.7641529892679,102
2024-09-16 15:31:28.055000,415.72922102678416,104
2024-09-16 15:31:28.108000,415.7656685825735,96
2024-09-16 15:31:28.118000,415.7504093581834,7
2024-09-16 15:31:28.228000,415.76000693072814,10
2024-09-16 15:31:28.278000,415.7683435849889,13
2024-09-16 15:31:28.278000,415.74009203222334,995
2024-09-16 15:31:28.325000,415.75492505559765,7
2024-09-16 15:31:28.339000,415.7477341520503,12
2024-09-16 15:31:28.389000,415.7412484368009,6
2024-09-16 15:31:28.404000,415.7440839464674,96
2024-09-16 15:31:28.426000,415.7390562616751,98
2024-09-16 15:31:28.455000,415.7443513055772,997
2024-09-16 15:31:28.583000,415.7833976517453,1000
2024-09-16 15:31:28.591000,415.7454657020032,998
2024-09-16 15:31:28.631000,415.7743992341889,95
2024-09-16 15:31:28.665000,415.7943303606913,10
2024-09-16 15:31:28.671000,415.78906290168754,99
2024-09-16 15:31:28.744000,415.7509946346983,14
2024-09-16 15:31:28.765000,415.74942967637634,995
2024-09-16 15:31:28.797000,415.7242084079666,5
2024-09-16 15:31:28.812000,415.7463067787227,7
2024-09-16 15:31:28.818000,415.72577278074647,99
2024-09-16 15:31:28.819000,415.7861492101071,1005
2024-09-16 15:31:28.833000,415.7366716780553,14
2024-09-16 15:31:28.941000,415.7353733750839,998
2024-09-16 15:31:28.959000,415.7665300678579,10
2024-09-16 15:31:28.961000,415.7494157622287,98
2024-09-16 15:31:28.991000,415.7580142967364,96
2024-09-16 15:31:29.008000,415.80561688806097,1005
2024-09-16 15:31:29.030000,415.807778584486,5
2024-09-16 15:31:29.039000,415.7989439051913,98
2024-09-16 15:31:29.193000,415.8062566252559,997
2024-09-16 15:31:29.224000,415.8276230843899,103
2024-09-16 15:31:29.311000,415.8187807921609,13
2024-09-16 15:31:29.347000,415.77878063539055,1002
2024-09-16 15:31:29.442000,415.8130582009793,97
2024-09-16 15:31:29.651000,415.79612776629847,12
2024-09-16 15:31:29.697000,415.8027233637907,6
2024-09-16 15:31:29.920000,417.0561123391524,5
2024-09-16 15:31:29.930000,415.8073235216869,13
2024-09-16 15:31:30.012000,415.80904349374856,98
2024-09-16 15:31:30.049000,415.7997527060635,996
2024-09-16 15:31:30.100000,415.7635724680045,99
2024-09-16 15:31:30.144000,415.8042105045955,998
2024-09-16 15:31:30.161000,415.79653975682487,98
2024-09-16 15:31:30.238000,415.7585455341561,99
2024-09-16 15:31:30.249000,415.7319840929475,7
2024-09-16 15:31:30.272000,415.6968423335824,996
2024-09-16 15:31:30.272000,415.7767820420817,996
2024-09-16 15:31:30.298000,415.689397832032,997
2024-09-16 15:31:30.299000,415.7950721782709,6
2024-09-16 15:31:30.302000,415.8049808696006,100
2024-09-16 15:31:30.329000,415.7538165605358,1005
2024-09-16 15:31:30.341000,415.7084514032159,999
2024-09-16 15:31:30.349000,415.7467714322309,1000
2024-09-16 15:31:30.462000,415.7039748168049,96
2024-09-16 15:31:30.486000,415.7962145922771,103
2024-09-16 15:31:30.573000,415.7908637893231,7
2024-09-16 15:31:30.578000,417.0376972721503,105
2024-09-16 15:31:30.587000,415.8005819647394,14
2024-09-16 15:31:30.599000,415.684326034174,11
2024-09-16 15:31:30.628000,415.7952957503304,1002
2024-09-16 15:31:30.653000,415.7567117769672,1001
2024-09-16 15:31:30.719000,415.74762150211177,6
2024-09-16 15:31:30.752000,415.76988903986,1005
2024-09-16 15:31:30.790000,415.72240912997694,13
2024-09-16 15:31:30.813000,415.8033669821459,98
2024-09-16 15:31:30.861000,415.7042079065958,100
2024-09-16 15:31:30.871000,415.71474229889503,1000
2024-09-16 15:31:30.947000,415.7237970583695,1005
2024-09-16 15:31:30.957000,415.79357567862337,97
2024-09-16 15:31:31.126000,415.7287065287715,1000
2024-09-16 15:31:31.233000,415.7374373057627,101
2024-09-16 15:31:31.298000,415.7060968927311,1001
2024-09-16 15:31:31.304000,415.7625252198161,1002
2024-09-16 15:31:31.315000,415.7195354772954,995
2024-09-16 15:31:31.360000,415.73778939822535,105
2024-09-16 15:31:31.459000,415.7468495690226,5
2024-09-16 15:31:31.568000,415.7406916154074,996
2024-09-16 15:31:31.613000,415.72726717708525,102
2024-09-16 15:31:31.705000,415.7565004129429,101
2024-09-16 15:31:31.745000,415.7661758591281,7
2024-09-16 15:31:31.781000,415.7138341044629,8
2024-09-16 15:31:31.805000,415.7237529800112,1005
2024-09-16 15:31:31.821000,415.7529097824194,999
2024-09-16 15:31:31.874000,415.740431822151,997
2024-09-16 15:31:32.017000,415.758278368319,15
2024-09-16 15:31:32.123000,417.0502524903864,98
2024-09-16 15:31:32.226000,415.760627763944,999
2024-09-16 15:31:32.568000,415.7668874442328,96
2024-09-16 15:31:33.213000,415.78088189456025,7
2024-09-16 15:31:33.505000,415.7555371285572,995
2024-09-16 15:31:33.886000,415.76478211979935,101
2024-09-16 15:31:33.981000,415.7629522313347,95
2024-09-16 15:31:34.050000,415.7728152957409,95
2024-09-16 15:31:34.059000,415.7663668839948,998
2024-09-16 15:31:34.117000,415.7886164706777,997
2024-09-16 15:31:34.166000,415.77991202749706,996
2024-09-16 15:31:34.618000,415.7754090520382,9
2024-09-16 15:31:34.745000,415.79795610664667,10
2024-09-16 15:31:34.806000,415.7795337944395,995
2024-09-16 15:31:34.808000,417.141884560014,9
2024-09-16 15:31:36.008000,415.7302728923488,100
2024-09-16 15:31:36.111000,415.73274304310615,1003
2024-09-16 15:31:36.177000,415.75580072571466,7
2024-09-16 15:31:36.190000,415.7762792873876,1005
2024-09-16 15:31:36.194000,415.76036065269614,101
2024-09-16 15:31:36.315000,415.75674601590816,101
2024-09-16 15:31:36.327000,415.7474794404235,1001
2024-09-16 15:31:36.350000,415.7530462425258,6
2024-09-16 15:31:36.352000,415.747780371978,101
2024-09-16 15:31:36.384000,415.7291210576528,104
2024-09-16 15:31:36.395000,415.7736770888202,102
2024-09-16 15:31:36.407000,415.7422437987436,997
2024-09-16 15:31:36.463000,415.75749272360247,1002
2024-09-16 15:31:36.492000,415.75932675951617,1004
2024-09-16 15:31:36.522000,415.7655160218883,103
2024-09-16 15:31:36.539000,415.7431891843985,105
2024-09-16 15:31:36.539000,415.73105043059815,14
2024-09-16 15:31:36.543000,415.7407997427241,1003
2024-09-16 15:31:36.603000,415.7308718147216,1001
2024-09-16 15:31:36.623000,415.7429918705731,99
2024-09-16 15:31:36.681000,415.7503430652749,996
2024-09-16 15:31:36.685000,415.76467024572753,13
2024-09-16 15:31:36.819000,415.7340600972177,96
2024-09-16 15:31:36.821000,415.7549574453433,995
2024-09-16 15:31:36.825000,415.7546300082673,103
2024-09-16 15:31:36.918000,415.7551723405263,1000
2024-09-16 15:31:36.984000,415.7563138645826,11
2024-09-16 15:31:37.075000,415.7556946386089,996
2024-09-16 15:31:37.191000,415.7564265845759,14
2024-09-16 15:31:37.262000,415.7511943216177,995
2024-09-16 15:31:37.606000,415.7357601106759,996
2024-09-16 15:31:37.766000,415.7724249734424,100
2024-09-16 15:31:38.007000,415.7222785926447,1001
2024-09-16 15:31:38.012000,415.7537417601994,1003
2024-09-16 15:31:38.122000,415.7162763905004,101
2024-09-16 15:31:38.236000,415.7001897200538,12
2024-09-16 15:31:38.437000,415.7306385808198,995
2024-09-16 15:31:38.493000,415.7102891857445,1003
2024-09-16 15:31:38.623000,415.7231751712508,1005
2024-09-16 15:31:38.643000,415.7251914464729,1005
2024-09-16 15:31:38.667000,415.7357908889152,96
2024-09-16 15:31:38.684000,415.7141689068614,9
2024-09-16 15:31:38.830000,415.72172426607295,8
2024-09-16 15:31:38.836000,415.7157951970211,999
2024-09-16 15:31:38.981000,415.7211912382909,101
2024-09-16 15:31:39.105000,415.700364962503,8
2024-09-16 15:31:39.520000,415.71259171799903,97
2024-09-16 15:31:39.963000,415.6986386634229,10
2024-09-16 15:31:40.019000,415.7063095682841,11
2024-09-16 15:31:40.090000,415.7136802074127,96
2024-09-16 15:31:40.090000,415.7153757436622,105
2024-09-16 15:31:40.205000,415.7084701892751,999
2024-09-16 15:31:40.206000,415.6804185147822,14
2024-09-16 15:31:40.280000,415.7188453049053,997
2024-09-16 15:31:40.329000,415.7310352460449,15
2024-09-16 15:31:40.331000,415.7035988996423,10
2024-09-16 15:31:40.447000,415.6911974185649,12
2024-09-16 15:31:40.509000,415.7001643879615,95
2024-09-16 15:31:40.567000,415.6772162597503,105
2024-09-16 15:31:40.590000,415.71829411232505,97
2024-09-16 15:31:40.615000,415.7142808183944,8
2024-09-16 15:31:40.708000,415.7159371607384,5
2024-09-16 15:31:40.739000,415.7244047502178,996
2024-09-16 15:31:40.787000,415.6983087151633,97
2024-09-16 15:31:40.800000,415.6994537737473,1003
2024-09-16 15:31:40.906000,415.6974167215499,105
2024-09-16 15:31:40.947000,415.708490047485,100
2024-09-16 15:31:40.975000,415.7122359173839,14
2024-09-16 15:31:41.066000,415.7151493956407,996
2024-09-16 15:31:41.291000,415.7156112796176,98
2024-09-16 15:31:41.368000,415.7462188160519,10
2024-09-16 15:31:41.422000,415.7166748912332,101
2024-09-16 15:31:41.453000,415.7068256246646,15
2024-09-16 15:31:41.580000,415.7213405094064,100
2024-09-16 15:31:41.667000,415.71935869760665,99
2024-09-16 15:31:41.754000,415.73473367061376,1000
2024-09-16 15:31:41.816000,415.729865453652,10
2024-09-16 15:31:41.866000,415.7019060359543,105
2024-09-16 15:31:42.002000,415.7549047637471,996
2024-09-16 15:31:42.160000,415.7434896260914,7
2024-09-16 15:31:42.402000,417.17645574453456,999
2024-09-16 15:31:42.497000,415.7435348007544,1004
2024-09-16 15:31:42.954000,415.7402375045541,104
2024-09-16 15:31:43.029000,415.751012261661,1004
2024-09-16 15:31:43.165000,415.7645817868909,104
2024-09-16 15:31:43.220000,415.7092311749724,15
2024-09-16 15:31:43.246000,415.7406219358064,13
2024-09-16 15:31:43.273000,415.7476896079124,100
2024-09-16 15:31:43.284000,415.7241983735334,1001
2024-09-16 15:31:43.301000,415.7562797813279,999
2024-09-16 15:31:43.396000,415.7129019534402,103
2024-09-16 15:31:43.482000,415.7299516933179,98
2024-09-16 15:31:43.495000,415.7173654306314,998
2024-09-16 15:31:43.544000,415.7606549365771,96
2024-09-16 15:31:43.606000,415.7265213457235,998
2024-09-16 15:31:43.653000,415.7311540560655,7
2024-09-16 15:31:43.778000,415.7326460567232,997
2024-09-16 15:31:43.938000,415.7258276425548,100
2024-09-16 15:31:43.951000,415.7397480467276,9
2024-09-16 15:31:43.997000,415.7352469851508,103
2024-09-16 15:31:44.016000,415.7506426348556,5
2024-09-16 15:31:44.026000,415.74579754696737,5
2024-09-16 15:31:44.028000,415.7638145642088,996
2024-09-16 15:31:44.111000,415.742950524877,13
2024-09-16 15:31:44.144000,415.7442303733146,15
2024-09-16 15:31:44.148000,415.7536642662211,98
2024-09-16 15:31:44.154000,415.7407020514274,1005
2024-09-16 15:31:44.247000,415.7355100356816,995
2024-09-16 15:31:44.248000,415.76793115749047,104
2024-09-16 15:31:44.267000,415.7572330659136,1001
2024-09-16 15:31:44.311000,415.7580966575422,1002
2024-09-16 15:31:44.397000,415.7643339211507,995
2024-09-16 15:31:44.408000,415.75629474343015,104
2024-09-16 15:31:44.535000,415.7481972428285,5
2024-09-16 15:31:44.557000,415.7823773180903,104
2024-09-16 15:31:44.594000,415.755709172193,996
2024-09-16 15:31:44.606000,415.7627851441407,12
2024-09-16 15:31:44.642000,415.74958289916384,1002
2024-09-16 15:31:44.649000,415.7582596118336,96
2024-09-16 15:31:44.765000,415.7760571306506,998
2024-09-16 15:31:44.878000,415.767768954014,997
2024-09-16 15:31:44.959000,415.762867439744,1004
2024-09-16 15:31:45,415.7657690475692,105
2024-09-16 15:31:45.058000,415.7701722334253,98
2024-09-16 15:31:45.202000,415.7697199090568,101
2024-09-16 15:31:45.268000,415.7654511875801,998
2024-09-16 15:31:45.300000,415.7691359275596,6
2024-09-16 15:31:45.392000,415.7667877677346,1001
2024-09-16 15:31:45.406000,415.75719767104687,8
2024-09-16 15:31:45.551000,415.7379056552421,996
2024-09-16 15:31:45.659000,415.744810331044,105
2024-09-16 15:31:45.674000,415.7616702883067,97
2024-09-16 15:31:45.783000,415.76154996723113,14
2024-09-16 15:31:45.949000,415.7788526397393,999
2024-09-16 15:31:45.979000,415.7603420843234,15
2024-09-16 15:31:46.055000,415.75915082648345,14
2024-09-16 15:31:46.088000,415.758736829772,11
2024-09-16 15:31:46.231000,415.7638106175499,1001
2024-09-16 15:31:46.369000,415.7536262738372,996
2024-09-16 15:31:46.406000,415.7873877948657,1002
2024-09-16 15:31:46.416000,415.75781375200455,1003
2024-09-16 15:31:46.423000,415.752602343926,999
2024-09-16 15:31:46.643000,415.7547341482333,13
2024-09-16 15:31:46.716000,415.775323094009,1002
2024-09-16 15:31:46.717000,415.7611438934469,996
2024-09-16 15:31:46.842000,415.776704940644,95
2024-09-16 15:31:46.861000,415.7864958879314,95
2024-09-16 15:31:46.905000,415.775727938628,100
2024-09-16 15:31:46.933000,415.726638103557,996
2024-09-16 15:31:46.956000,415.76964173826696,5
2024-09-16 15:31:47.040000,415.83317571025833,995
2024-09-16 15:31:47.121000,415.816278438809,995
2024-09-16 15:31:47.231000,415.8117492216484,14
2024-09-16 15:31:47.253000,415.8195916637801,11
2024-09-16 15:31:47.254000,415.7975871457423,1003
2024-09-16 15:31:47.414000,415.7552014178961,105
2024-09-16 15:31:47.513000,415.81119693043416,97
2024-09-16 15:31:47.567000,415.7781285352556,1001
2024-09-16 15:31:47.630000,415.8253685361962,13
2024-09-16 15:31:47.662000,415.7941771263593,11
2024-09-16 15:31:47.668000,415.7494688875928,97
2024-09-16 15:31:47.713000,415.80685380538944,101
2024-09-16 15:31:47.718000,415.8254700106326,7
2024-09-16 15:31:47.761000,415.7656044601955,1000
2024-09-16 15:31:47.871000,415.7595724498105,102
2024-09-16 15:31:47.899000,415.7519588188428,1005
2024-09-16 15:31:47.911000,415.8204504629409,13
2024-09-16 15:31:47.916000,415.7638900594238,11
2024-09-16 15:31:48.016000,415.8573620167693,5
2024-09-16 15:31:48.061000,415.8443186512617,7
2024-09-16 15:31:48.123000,415.85547487754656,7
2024-09-16 15:31:48.131000,415.8688325728392,1000
2024-09-16 15:31:48.212000,415.8581953783647,997
2024-09-16 15:31:48.265000,415.8280530968733,15
2024-09-16 15:31:48.277000,415.7834078657208,6
2024-09-16 15:31:48.328000,415.820338675285,1005
2024-09-16 15:31:48.329000,415.770387372719,101
2024-09-16 15:31:48.427000,415.8593566874466,1004
2024-09-16 15:31:48.445000,415.8718785770741,8
2024-09-16 15:31:48.602000,415.8156975727304,101
2024-09-16 15:31:48.628000,415.84927715419343,999
2024-09-16 15:31:48.695000,415.8517330522746,8
2024-09-16 15:31:48.698000,415.8318885886875,999
2024-09-16 15:31:48.747000,415.84906122921626,97
2024-09-16 15:31:48.760000,415.7560884761132,6
2024-09-16 15:31:48.795000,415.82037097340185,1000
2024-09-16 15:31:48.882000,415.8277585051584,997
2024-09-16 15:31:48.929000,415.84186951573,1002
2024-09-16 15:31:48.940000,415.858850473442,102
2024-09-16 15:31:48.941000,415.8595905391255,97
2024-09-16 15:31:48.958000,415.85333511514943,13
2024-09-16 15:31:48.965000,415.7722310937196,997
2024-09-16 15:31:48.996000,415.8307123283242,999
2024-09-16 15:31:49.104000,415.7605273126362,1004
2024-09-16 15:31:49.226000,415.7415034794858,8
2024-09-16 15:31:49.315000,415.75558866711816,8
2024-09-16 15:31:49.356000,415.74687040489255,1001
2024-09-16 15:31:49.389000,415.7576659063837,1000
2024-09-16 15:31:49.395000,415.7665010263804,1001
2024-09-16 15:31:49.417000,415.7361628397098,10
2024-09-16 15:31:49.488000,415.7398042863342,9
2024-09-16 15:31:49.552000,415.737296500384,99
2024-09-16 15:31:49.770000,415.7357696845481,14
2024-09-16 15:31:49.823000,415.73971136589074,105
2024-09-16 15:31:50.197000,415.7803974788428,105
2024-09-16 15:31:50.306000,415.7635409124536,101
2024-09-16 15:31:50.349000,415.7894048635932,96
2024-09-16 15:31:50.477000,415.785071878794,101
2024-09-16 15:31:51.016000,415.7209972836754,11
2024-09-16 15:31:51.075000,415.7740278213033,8
2024-09-16 15:31:51.099000,415.7578514123402,8
2024-09-16 15:31:51.101000,415.8034967350286,1004
2024-09-16 15:31:51.116000,415.75627372856496,99
2024-09-16 15:31:51.125000,415.76302018939606,995
2024-09-16 15:31:51.159000,415.8052677231737,101
2024-09-16 15:31:51.166000,415.7186589308465,104
2024-09-16 15:31:51.198000,415.7940640955461,11
2024-09-16 15:31:51.266000,415.8155055856891,1001
2024-09-16 15:31:51.297000,415.756613140378,100
2024-09-16 15:31:51.325000,415.7520210588991,105
2024-09-16 15:31:51.417000,415.7082367246961,995
2024-09-16 15:31:51.422000,415.7997112817631,1004
2024-09-16 15:31:51.503000,415.7632457374216,103
2024-09-16 15:31:51.524000,415.74279117509,14
2024-09-16 15:31:51.527000,415.7500452953316,8
2024-09-16 15:31:51.631000,415.7408018417741,7
2024-09-16 15:31:51.653000,415.77459921568624,98
2024-09-16 15:31:51.689000,415.7844961595033,12
2024-09-16 15:31:51.756000,415.8058202027586,96
2024-09-16 15:31:51.785000,415.7604517061405,97
2024-09-16 15:31:51.788000,415.7152216747981,996
2024-09-16 15:31:51.888000,415.7168654721648,996
2024-09-16 15:31:51.903000,415.75610726786647,96
2024-09-16 15:31:51.916000,415.80931371513066,8
2024-09-16 15:31:51.925000,415.7529922043786,1001
2024-09-16 15:31:51.971000,415.73964079027735,8
2024-09-16 15:31:51.982000,415.7925685034343,101
2024-09-16 15:31:53.006000,415.74554550914746,1002
2024-09-16 15:31:53.108000,415.7252207575592,998
2024-09-16 15:31:53.160000,415.72580118897673,15
2024-09-16 15:31:53.191000,415.7517857566425,100
2024-09-16 15:31:53.195000,415.7154817399234,7
2024-09-16 15:31:53.220000,415.7508838290052,10
2024-09-16 15:31:53.233000,415.7414901642182,998
2024-09-16 15:31:53.251000,415.695512615989,95
2024-09-16 15:31:53.257000,415.77490298920446,7
2024-09-16 15:31:53.447000,415.7471273774802,1002
2024-09-16 15:31:53.460000,415.7578069651647,12
2024-09-16 15:31:53.504000,415.7682960506665,14
2024-09-16 15:31:53.506000,415.7295619992464,102
2024-09-16 15:31:53.628000,415.73566836703327,11
2024-09-16 15:31:53.685000,415.7087127546394,96
2024-09-16 15:31:53.737000,415.7620472064094,15
2024-09-16 15:31:53.806000,415.7334578196712,103
2024-09-16 15:31:53.988000,415.7324017092728,5
2024-09-16 15:31:53.992000,415.78197183210114,8
2024-09-16 15:31:53.999000,415.7351255466049,15
2024-09-16 15:31:54.093000,415.7283431558128,1005
2024-09-16 15:31:54.274000,415.65540001684735,13
2024-09-16 15:31:54.378000,415.739859971071,13
2024-09-16 15:31:54.416000,415.67498414426376,1005
2024-09-16 15:31:54.479000,415.6807213746065,97
2024-09-16 15:31:54.505000,415.7464366926447,7
2024-09-16 15:31:54.539000,415.6701268480546,10
2024-09-16 15:31:54.551000,415.69627998030177,1002
2024-09-16 15:31:54.679000,415.71396190004754,995
2024-09-16 15:31:54.689000,415.65501105324057,5
2024-09-16 15:31:54.694000,415.7549442495556,1002
2024-09-16 15:31:54.789000,415.7118224181289,102
2024-09-16 15:31:54.792000,415.6862680688537,104
2024-09-16 15:31:54.831000,415.7383717246892,1003
2024-09-16 15:31:54.875000,415.7340024561229,7
2024-09-16 15:31:54.890000,415.6779518650949,6
2024-09-16 15:31:55.198000,415.80633320553767,11
2024-09-16 15:31:55.299000,415.80547510816245,10
2024-09-16 15:31:55.343000,415.7952011787378,10
2024-09-16 15:31:55.350000,415.7978565666559,96
2024-09-16 15:31:55.357000,415.7403972880321,997
2024-09-16 15:31:55.359000,415.75037946703503,997
2024-09-16 15:31:55.371000,415.7518400708446,15
2024-09-16 15:31:55.496000,415.8192059436673,5
2024-09-16 15:31:55.499000,415.7915854571595,105
2024-09-16 15:31:55.603000,415.791819916904,998
2024-09-16 15:31:55.634000,415.8036058777592,105
2024-09-16 15:31:55.685000,415.765535585012,1003
2024-09-16 15:31:55.919000,415.79603934464126,104
2024-09-16 15:31:56.324000,415.7835185572219,1004
2024-09-16 15:31:56.514000,415.7586242204726,999
2024-09-16 15:31:56.791000,415.7629769357208,9
2024-09-16 15:31:56.861000,415.7775267430302,1005
2024-09-16 15:31:57.001000,415.7176500982997,999
2024-09-16 15:31:57.003000,415.750220591373,1001
2024-09-16 15:31:57.044000,415.6964279946377,1002
2024-09-16 15:31:57.074000,415.7451478163824,104
2024-09-16 15:31:57.098000,415.74333211747967,102
2024-09-16 15:31:57.185000,415.75960164823056,101
2024-09-16 15:31:57.245000,415.76232335889097,100
2024-09-16 15:31:57.249000,415.7121913610964,10
2024-09-16 15:31:57.252000,415.7609635922534,11
2024-09-16 15:31:57.255000,415.70195524902806,9
2024-09-16 15:31:57.265000,415.74198399616046,1001
2024-09-16 15:31:57.268000,415.7469042107716,10
2024-09-16 15:31:57.275000,415.73286251763096,1005
2024-09-16 15:31:57.308000,417.2638342837439,10
2024-09-16 15:31:57.328000,415.7337339438376,12
2024-09-16 15:31:57.339000,415.7175580966373,104
2024-09-16 15:31:57.369000,415.74481165508575,95
2024-09-16 15:31:57.417000,415.7119016109237,5
2024-09-16 15:31:57.431000,415.70620728121776,105
2024-09-16 15:31:57.450000,415.7515399627164,998
2024-09-16 15:31:57.466000,415.7624666880473,12
2024-09-16 15:31:57.503000,415.7649133454344,95
2024-09-16 15:31:57.505000,415.680877237811,13
2024-09-16 15:31:57.718000,415.7158954121122,98
2024-09-16 15:31:57.744000,415.7659192213628,1003
2024-09-16 15:31:57.777000,415.7428995684342,8
2024-09-16 15:31:57.816000,415.7557402923728,101
2024-09-16 15:31:57.819000,415.74384426425047,98
2024-09-16 15:31:57.822000,415.7562432133658,99
2024-09-16 15:31:57.880000,415.765620882965,96
2024-09-16 15:31:58.025000,415.6851531314709,1002
2024-09-16 15:31:58.059000,415.6809133791995,15
2024-09-16 15:31:58.236000,415.7066284232618,104
2024-09-16 15:31:58.393000,415.72685460466886,8
2024-09-16 15:31:58.490000,415.7113227663487,102
2024-09-16 15:31:59.027000,415.7754923210176,9
2024-09-16 15:31:59.090000,415.78123699623,997
2024-09-16 15:31:59.096000,415.7399372254828,1000
2024-09-16 15:31:59.169000,415.77520012516254,13
2024-09-16 15:31:59.169000,415.7841346581713,1000
2024-09-16 15:31:59.251000,415.7435591297043,999
2024-09-16 15:31:59.273000,415.7590979824146,1004
2024-09-16 15:31:59.275000,415.76312286555793,1005
2024-09-16 15:31:59.415000,415.7649083212023,98
2024-09-16 15:31:59.444000,415.7520435024349,1002
2024-09-16 15:31:59.472000,415.7735199799904,102
2024-09-16 15:31:59.492000,415.7178670325101,8
2024-09-16 15:31:59.498000,415.7734573539024,1002
2024-09-16 15:31:59.501000,415.75140357259454,98
2024-09-16 15:31:59.513000,415.7792282301732,102
2024-09-16 15:31:59.540000,415.7420628382719,1003
2024-09-16 15:31:59.546000,415.7655304688001,998
2024-09-16 15:31:59.568000,415.7270494007092,1005
2024-09-16 15:31:59.666000,415.7342523817983,8
2024-09-16 15:31:59.691000,415.7660227537884,10
2024-09-16 15:31:59.704000,415.7512774113207,101
2024-09-16 15:31:59.813000,415.7888402213905,1002
2024-09-16 15:31:59.910000,415.7755149622875,99
2024-09-16 15:31:59.911000,415.7112062524796,103
2024-09-16 15:31:59.963000,415.7838697779802,7
2024-09-16 15:31:59.968000,415.740949772085,105
