Timestamp,Price,Size
2024-09-16 15:43:00.295000,416.48755850648473,12
2024-09-16 15:43:00.640000,416.4788054787922,99
2024-09-16 15:43:00.761000,416.4701400563732,99
2024-09-16 15:43:00.808000,416.47795017266,7
2024-09-16 15:43:00.925000,416.4771829722339,100
2024-09-16 15:43:01.015000,416.4949180603139,8
2024-09-16 15:43:01.015000,416.4804015540474,1001
2024-09-16 15:43:01.076000,416.532192848317,11
2024-09-16 15:43:01.132000,416.4767966454135,7
2024-09-16 15:43:01.136000,416.48813942090135,1005
2024-09-16 15:43:01.156000,416.4637295274971,998
2024-09-16 15:43:01.171000,416.51590419340135,996
2024-09-16 15:43:01.222000,416.4951066906215,999
2024-09-16 15:43:01.271000,416.4768451836984,996
2024-09-16 15:43:01.292000,416.4762590134191,102
2024-09-16 15:43:01.415000,416.4537589871848,1004
2024-09-16 15:43:01.451000,416.4979466675062,13
2024-09-16 15:43:01.507000,416.48587647868027,105
2024-09-16 15:43:01.598000,416.4679172895717,8
2024-09-16 15:43:01.666000,416.4597845220145,12
2024-09-16 15:43:01.677000,416.4740029064876,11
2024-09-16 15:43:01.711000,416.46472657525067,1004
2024-09-16 15:43:01.741000,416.4554959114834,999
2024-09-16 15:43:01.794000,416.4631996170667,13
2024-09-16 15:43:01.852000,416.4504326066649,101
2024-09-16 15:43:01.935000,416.5059429854699,96
2024-09-16 15:43:01.942000,416.4563770494546,101
2024-09-16 15:43:01.967000,416.4512671355844,8
2024-09-16 15:43:01.975000,416.4723779461343,96
2024-09-16 15:43:02.009000,416.4655273791083,10
2024-09-16 15:43:02.012000,416.4813123706997,1005
2024-09-16 15:43:02.023000,416.4843332325741,998
2024-09-16 15:43:02.031000,416.4848311769752,7
2024-09-16 15:43:02.077000,416.48444636442014,95
2024-09-16 15:43:02.307000,416.4358471562994,1004
2024-09-16 15:43:02.311000,416.34640891883913,1001
2024-09-16 15:43:02.312000,416.4335371403809,98
2024-09-16 15:43:02.389000,416.4309985024399,995
2024-09-16 15:43:02.423000,416.4121505869031,15
2024-09-16 15:43:02.511000,416.36566563449145,1004
2024-09-16 15:43:02.676000,416.4207886495186,1005
2024-09-16 15:43:02.743000,416.4211313849969,1001
2024-09-16 15:43:02.872000,416.4442997392486,104
2024-09-16 15:43:02.888000,416.3923606501663,8
2024-09-16 15:43:02.932000,416.3756277105692,98
2024-09-16 15:43:03.152000,416.3546230219939,1004
2024-09-16 15:43:03.177000,416.3367635371908,105
2024-09-16 15:43:03.287000,416.3181418061675,1005
2024-09-16 15:43:03.419000,416.3071352775871,96
2024-09-16 15:43:03.539000,416.3467753917973,1000
2024-09-16 15:43:03.904000,416.3480500694481,10
2024-09-16 15:43:04.011000,416.3198900369943,8
2024-09-16 15:43:04.120000,416.1927636510634,995
2024-09-16 15:43:04.141000,416.31978687972594,101
2024-09-16 15:43:04.253000,416.2105195352834,1002
2024-09-16 15:43:04.324000,416.301002040487,1000
2024-09-16 15:43:04.347000,416.3296718303176,1001
2024-09-16 15:43:04.371000,416.2724847055126,1005
2024-09-16 15:43:04.408000,416.34274525515696,996
2024-09-16 15:43:04.581000,416.2326282717252,95
2024-09-16 15:43:04.587000,416.321799950922,1003
2024-09-16 15:43:04.596000,416.324875988776,98
2024-09-16 15:43:04.615000,416.31393089600266,95
2024-09-16 15:43:04.658000,416.2306317655744,997
2024-09-16 15:43:04.729000,416.3506537801575,12
2024-09-16 15:43:04.763000,416.19228191708106,999
2024-09-16 15:43:04.814000,416.31143545801774,97
2024-09-16 15:43:04.821000,416.231880642523,7
2024-09-16 15:43:04.922000,416.2471931798737,15
2024-09-16 15:43:04.932000,416.2311813927181,997
2024-09-16 15:43:04.944000,416.32729397414994,15
2024-09-16 15:43:05.013000,416.1272620972114,1003
2024-09-16 15:43:05.018000,416.1169590683799,10
2024-09-16 15:43:05.043000,416.1555809195222,98
2024-09-16 15:43:05.055000,416.1315409586716,98
2024-09-16 15:43:05.063000,416.1398247989532,15
2024-09-16 15:43:05.098000,416.1611655214151,103
2024-09-16 15:43:05.147000,416.1214902570758,997
2024-09-16 15:43:05.262000,416.1480361403426,995
2024-09-16 15:43:05.263000,416.11887364080127,6
2024-09-16 15:43:05.277000,416.1203191185206,9
2024-09-16 15:43:05.283000,416.1430450773907,5
2024-09-16 15:43:05.304000,416.1558993477055,1003
2024-09-16 15:43:05.324000,416.1357880370012,105
2024-09-16 15:43:05.391000,416.1733237210354,12
2024-09-16 15:43:05.518000,416.1619945559193,1002
2024-09-16 15:43:05.537000,416.9466380855787,1005
2024-09-16 15:43:05.548000,416.1523932647376,102
2024-09-16 15:43:05.744000,416.10620903549966,1005
2024-09-16 15:43:05.747000,416.1649615008482,998
2024-09-16 15:43:05.768000,416.1232709345116,97
2024-09-16 15:43:05.795000,416.1187670291944,9
2024-09-16 15:43:05.816000,416.134627358225,8
2024-09-16 15:43:05.974000,416.1675600722245,105
2024-09-16 15:43:06.056000,416.13137028189954,8
2024-09-16 15:43:06.082000,416.1246046294157,99
2024-09-16 15:43:06.452000,416.13653138720446,96
2024-09-16 15:43:06.480000,416.12336724117375,15
2024-09-16 15:43:06.489000,416.11496374941873,1000
2024-09-16 15:43:06.689000,416.1257419669324,102
2024-09-16 15:43:07.024000,416.0938098636586,8
2024-09-16 15:43:07.150000,416.100272258416,10
2024-09-16 15:43:07.205000,416.0942318622522,104
2024-09-16 15:43:07.523000,416.0599339531772,102
2024-09-16 15:43:07.688000,416.0704713750622,10
2024-09-16 15:43:07.714000,416.0863780667181,101
2024-09-16 15:43:07.882000,416.0838241255998,1002
2024-09-16 15:43:07.954000,416.11235838088,98
2024-09-16 15:43:08.089000,416.0370523905942,5
2024-09-16 15:43:08.322000,416.9084138741644,8
2024-09-16 15:43:08.388000,416.0350451245253,95
2024-09-16 15:43:08.497000,416.03106463128427,1005
2024-09-16 15:43:08.510000,416.0423308284577,996
2024-09-16 15:43:08.676000,416.050359138668,1002
2024-09-16 15:43:08.705000,416.04133837878,7
2024-09-16 15:43:08.783000,416.04258563712807,1005
2024-09-16 15:43:08.835000,416.0408465317327,997
2024-09-16 15:43:08.887000,416.0409999600822,1000
2024-09-16 15:43:09.023000,416.0870799420297,1005
2024-09-16 15:43:09.024000,416.0564319054821,1001
2024-09-16 15:43:09.034000,416.04176399062936,105
2024-09-16 15:43:09.045000,416.0513595982269,15
2024-09-16 15:43:09.073000,416.05894984702513,997
2024-09-16 15:43:09.098000,416.05519554805977,1003
2024-09-16 15:43:09.138000,416.0630618717541,104
2024-09-16 15:43:09.297000,416.0652294010026,5
2024-09-16 15:43:09.330000,416.0435247086205,1003
2024-09-16 15:43:09.382000,416.0831761414565,10
2024-09-16 15:43:09.452000,416.9212933767794,99
2024-09-16 15:43:09.456000,416.0679674493976,95
2024-09-16 15:43:09.600000,416.04079637750607,12
2024-09-16 15:43:09.735000,416.05262939999767,1002
2024-09-16 15:43:09.740000,416.05515945809225,96
2024-09-16 15:43:09.753000,416.06547817210696,103
2024-09-16 15:43:09.759000,416.0942120366497,98
2024-09-16 15:43:09.800000,416.04966898841576,105
2024-09-16 15:43:09.872000,416.0474543329112,99
2024-09-16 15:43:09.908000,416.0694342950107,97
2024-09-16 15:43:10.094000,416.09246844494,98
2024-09-16 15:43:10.098000,416.11786360113473,15
2024-09-16 15:43:10.202000,416.0837468546642,995
2024-09-16 15:43:10.232000,416.1238485121635,6
2024-09-16 15:43:10.281000,416.0854225925041,100
2024-09-16 15:43:10.476000,416.1242992448133,1003
2024-09-16 15:43:10.482000,416.08497748475,101
2024-09-16 15:43:10.499000,416.10776150232994,96
2024-09-16 15:43:10.502000,416.1063326838586,1004
2024-09-16 15:43:10.618000,416.0836614557822,998
2024-09-16 15:43:10.661000,416.1400104040651,5
2024-09-16 15:43:10.796000,416.1050968865767,1000
2024-09-16 15:43:10.984000,416.0950585479961,1000
2024-09-16 15:43:11.092000,416.0424321215024,1004
2024-09-16 15:43:11.119000,416.1168532856914,995
2024-09-16 15:43:11.190000,416.0086473943733,13
2024-09-16 15:43:11.222000,416.0219317830631,999
2024-09-16 15:43:11.279000,416.030119596652,8
2024-09-16 15:43:11.410000,416.0330309258816,14
2024-09-16 15:43:11.485000,416.05345883469766,10
2024-09-16 15:43:11.535000,416.0361169776984,1003
2024-09-16 15:43:11.608000,416.014644318826,99
2024-09-16 15:43:11.673000,415.9974034000111,1003
2024-09-16 15:43:11.712000,416.04689278433216,96
2024-09-16 15:43:11.784000,416.09110954900655,1003
2024-09-16 15:43:11.877000,416.040458295086,1000
2024-09-16 15:43:11.896000,416.1202773065915,15
2024-09-16 15:43:11.932000,416.0706963359667,6
2024-09-16 15:43:12.084000,415.9912678346103,998
2024-09-16 15:43:12.112000,415.9646424108468,996
2024-09-16 15:43:12.158000,415.9929818568827,7
2024-09-16 15:43:12.164000,416.0046292981389,105
2024-09-16 15:43:12.220000,416.0157194856891,1000
2024-09-16 15:43:12.247000,416.0050454779866,1000
2024-09-16 15:43:12.266000,415.995874875628,12
2024-09-16 15:43:12.282000,416.0230594334508,11
2024-09-16 15:43:12.308000,415.9958552137575,102
2024-09-16 15:43:12.319000,415.97737783926647,997
2024-09-16 15:43:12.328000,416.0049828038787,9
2024-09-16 15:43:12.469000,416.0167208731692,7
2024-09-16 15:43:12.486000,415.9665432803575,102
2024-09-16 15:43:12.495000,416.0011825803288,1001
2024-09-16 15:43:12.558000,416.0117991314892,6
2024-09-16 15:43:12.591000,416.0091652352125,999
2024-09-16 15:43:12.619000,416.01363586083534,10
2024-09-16 15:43:12.738000,416.0213618318242,1003
2024-09-16 15:43:12.741000,415.9822431632429,12
2024-09-16 15:43:12.804000,416.0183492667168,998
2024-09-16 15:43:12.829000,415.982619984302,1002
2024-09-16 15:43:12.898000,416.0233083047366,14
2024-09-16 15:43:13.048000,415.9722859146413,1000
2024-09-16 15:43:13.075000,415.96448252359534,11
2024-09-16 15:43:13.206000,415.9711348415033,15
2024-09-16 15:43:13.252000,416.6554439387109,998
2024-09-16 15:43:13.355000,415.96376217217295,10
2024-09-16 15:43:13.401000,415.9691982769385,96
2024-09-16 15:43:13.641000,416.6469126279192,7
2024-09-16 15:43:13.710000,415.9500221742563,100
2024-09-16 15:43:13.857000,415.9573394343898,96
2024-09-16 15:43:14.055000,415.9357903425886,100
2024-09-16 15:43:14.217000,415.98284634579744,105
2024-09-16 15:43:14.230000,415.95483552519175,1001
2024-09-16 15:43:14.250000,415.94049843169904,99
2024-09-16 15:43:14.353000,415.9406199357231,11
2024-09-16 15:43:14.418000,415.9675628748248,12
2024-09-16 15:43:14.463000,415.9938320943068,12
2024-09-16 15:43:14.512000,415.9695598092286,9
2024-09-16 15:43:14.516000,415.9341347452474,96
2024-09-16 15:43:14.563000,415.9997784655426,104
2024-09-16 15:43:14.735000,415.9690980633546,12
2024-09-16 15:43:14.744000,415.9696235543299,97
2024-09-16 15:43:14.804000,415.9412741813276,15
2024-09-16 15:43:14.950000,415.951706514922,99
2024-09-16 15:43:15.213000,415.9617495875274,96
2024-09-16 15:43:15.323000,415.9347452829925,995
2024-09-16 15:43:15.408000,415.9125243202656,1002
2024-09-16 15:43:15.472000,415.95168182587975,996
2024-09-16 15:43:16.003000,415.9689869854896,13
2024-09-16 15:43:16.116000,415.9846387372885,101
2024-09-16 15:43:16.173000,415.9066360756395,97
2024-09-16 15:43:16.227000,415.89346974475535,10
2024-09-16 15:43:16.240000,415.9313402669797,15
2024-09-16 15:43:16.302000,415.9543368545748,10
2024-09-16 15:43:16.361000,415.9074355872973,10
2024-09-16 15:43:16.604000,415.91576691211793,997
2024-09-16 15:43:16.633000,415.9536568390853,7
2024-09-16 15:43:16.636000,415.9305534274727,97
2024-09-16 15:43:16.645000,415.9354293454514,14
2024-09-16 15:43:16.681000,415.8967736429912,101
2024-09-16 15:43:16.699000,415.910815551663,997
2024-09-16 15:43:16.849000,415.972645839122,102
2024-09-16 15:43:16.966000,415.9551652387522,8
2024-09-16 15:43:16.969000,415.8935293952696,998
2024-09-16 15:43:16.991000,415.92387161410863,105
2024-09-16 15:43:17.025000,415.9180766054183,100
2024-09-16 15:43:17.034000,415.9541150071177,1000
2024-09-16 15:43:17.049000,415.9103364530936,1005
2024-09-16 15:43:17.127000,415.9496389305486,95
2024-09-16 15:43:17.154000,415.98711292270167,103
2024-09-16 15:43:17.283000,415.9848953177466,995
2024-09-16 15:43:17.288000,415.9874225291592,1003
2024-09-16 15:43:17.293000,415.974643007475,13
2024-09-16 15:43:17.294000,415.98641059961,11
2024-09-16 15:43:17.428000,415.9844681002456,6
2024-09-16 15:43:17.468000,415.9905446720547,1005
2024-09-16 15:43:17.551000,415.9037092050336,103
2024-09-16 15:43:17.569000,416.0007335776229,104
2024-09-16 15:43:17.674000,415.9945573789667,98
2024-09-16 15:43:17.718000,415.9135942696976,8
2024-09-16 15:43:17.760000,415.9402639661239,6
2024-09-16 15:43:17.761000,415.9834429359952,6
2024-09-16 15:43:17.764000,415.9116689217393,12
2024-09-16 15:43:17.766000,415.9132005730604,96
2024-09-16 15:43:17.768000,415.9944610032726,1000
2024-09-16 15:43:17.786000,415.9239579442972,1002
2024-09-16 15:43:17.787000,415.96726007917295,103
2024-09-16 15:43:17.885000,415.9499763680304,997
2024-09-16 15:43:17.928000,415.9992847086054,97
2024-09-16 15:43:17.967000,415.9646447805976,105
2024-09-16 15:43:17.973000,415.9097163499744,97
2024-09-16 15:43:17.977000,415.9851864028934,5
2024-09-16 15:43:17.991000,415.9631443082743,97
2024-09-16 15:43:17.996000,415.9124648139481,999
2024-09-16 15:43:18.007000,416.0389165553529,105
2024-09-16 15:43:18.022000,415.9647110332815,101
2024-09-16 15:43:18.110000,415.9737584127875,997
2024-09-16 15:43:18.124000,415.9832493324032,995
2024-09-16 15:43:18.129000,415.9906328999427,98
2024-09-16 15:43:18.147000,416.0426309894876,7
2024-09-16 15:43:18.170000,416.03935380273,997
2024-09-16 15:43:18.206000,416.0091093630144,11
2024-09-16 15:43:18.278000,416.0368236887295,105
2024-09-16 15:43:18.281000,415.97440979348033,102
2024-09-16 15:43:18.292000,415.98322942935965,97
2024-09-16 15:43:18.533000,415.9681093536565,998
2024-09-16 15:43:18.614000,415.9777946880159,7
2024-09-16 15:43:18.659000,416.00116385755,14
2024-09-16 15:43:18.699000,415.9607472615373,102
2024-09-16 15:43:18.704000,416.0054839918517,995
2024-09-16 15:43:18.770000,415.99482323169,997
2024-09-16 15:43:18.781000,416.0386940459404,998
2024-09-16 15:43:18.825000,415.95808315078665,15
2024-09-16 15:43:18.983000,416.02867061918766,98
2024-09-16 15:43:19.019000,416.0306122061583,997
2024-09-16 15:43:19.278000,415.9811481845426,100
2024-09-16 15:43:19.285000,415.9719987148557,10
2024-09-16 15:43:19.324000,415.9802839146622,6
2024-09-16 15:43:19.396000,415.98204081531054,10
2024-09-16 15:43:19.535000,415.9779912877413,14
2024-09-16 15:43:19.540000,415.9851802615988,1001
2024-09-16 15:43:19.570000,415.9763387969341,997
2024-09-16 15:43:19.594000,415.96452877898304,101
2024-09-16 15:43:19.616000,415.9693894802098,104
2024-09-16 15:43:19.627000,416.0070476195629,8
2024-09-16 15:43:19.685000,415.9690023576749,100
2024-09-16 15:43:19.703000,415.9880935194276,11
2024-09-16 15:43:19.703000,415.9845676715165,95
2024-09-16 15:43:19.707000,415.9657578288082,102
2024-09-16 15:43:19.875000,416.0120805394444,95
2024-09-16 15:43:19.946000,415.99044780256463,1002
2024-09-16 15:43:19.952000,415.9749529321763,100
2024-09-16 15:43:20.013000,415.9787376135756,103
2024-09-16 15:43:20.051000,415.9853132414492,102
2024-09-16 15:43:20.195000,415.9815066335052,995
2024-09-16 15:43:20.255000,416.00886926352354,14
2024-09-16 15:43:20.366000,415.9877643456546,105
2024-09-16 15:43:20.706000,416.0218816622818,1002
2024-09-16 15:43:20.835000,415.9793504210599,1002
2024-09-16 15:43:21.134000,416.03197164636896,998
2024-09-16 15:43:21.166000,416.0353722594651,12
2024-09-16 15:43:21.301000,416.01605209494727,1005
2024-09-16 15:43:21.359000,416.01996103458754,97
2024-09-16 15:43:21.427000,416.0182621466458,6
2024-09-16 15:43:21.536000,416.02053970058313,12
2024-09-16 15:43:21.536000,416.01469538738274,1002
2024-09-16 15:43:21.549000,416.02075951537375,1003
2024-09-16 15:43:21.637000,416.0213960863016,101
2024-09-16 15:43:21.684000,416.02244152413886,1005
2024-09-16 15:43:21.834000,416.0170605152091,101
2024-09-16 15:43:21.923000,415.9976064553069,1002
2024-09-16 15:43:21.947000,416.0172105825487,95
2024-09-16 15:43:22.004000,416.0023907693361,996
2024-09-16 15:43:22.036000,415.9873895584942,103
2024-09-16 15:43:22.059000,415.9615602086265,101
2024-09-16 15:43:22.068000,416.0350309975635,1001
2024-09-16 15:43:22.314000,415.9899561630265,11
2024-09-16 15:43:22.334000,415.9623325943498,997
2024-09-16 15:43:22.357000,416.0017506619664,996
2024-09-16 15:43:22.416000,416.0394673848244,11
2024-09-16 15:43:22.417000,416.0064682995657,12
2024-09-16 15:43:22.438000,415.9825746116336,1005
2024-09-16 15:43:22.493000,415.9784002126343,11
2024-09-16 15:43:22.556000,415.9919879086452,997
2024-09-16 15:43:22.721000,415.9991114888329,104
2024-09-16 15:43:22.742000,416.01072711781336,96
2024-09-16 15:43:22.751000,416.0071316285071,1001
2024-09-16 15:43:22.753000,415.963174424624,1000
2024-09-16 15:43:22.763000,415.9646658651321,101
2024-09-16 15:43:22.851000,415.9708648935857,97
2024-09-16 15:43:22.993000,415.9783924152448,8
2024-09-16 15:43:22.997000,415.9700755762789,995
2024-09-16 15:43:23.022000,416.0218434530674,98
2024-09-16 15:43:23.026000,416.0195027460912,6
2024-09-16 15:43:23.040000,415.9884725142657,104
2024-09-16 15:43:23.173000,415.9996038665569,5
2024-09-16 15:43:23.176000,415.9973153110629,100
2024-09-16 15:43:23.371000,415.9994953292001,98
2024-09-16 15:43:23.383000,415.9900187051816,105
2024-09-16 15:43:23.387000,416.009805075404,104
2024-09-16 15:43:23.392000,416.023188457866,100
2024-09-16 15:43:23.392000,416.0199340072908,14
2024-09-16 15:43:23.567000,415.9744591773796,10
2024-09-16 15:43:23.594000,416.00885655843496,103
2024-09-16 15:43:23.624000,416.01590393748,1005
2024-09-16 15:43:23.704000,416.00567262672814,1003
2024-09-16 15:43:23.738000,416.0092847129188,1001
2024-09-16 15:43:23.745000,416.0135270000237,1002
2024-09-16 15:43:23.765000,416.013298864067,1002
2024-09-16 15:43:23.796000,415.9919251453029,1003
2024-09-16 15:43:23.835000,416.00877523399583,13
2024-09-16 15:43:23.848000,415.9852851458624,999
2024-09-16 15:43:23.878000,415.9798766663967,99
2024-09-16 15:43:23.881000,415.98751175594896,98
2024-09-16 15:43:23.918000,416.0105822327535,7
2024-09-16 15:43:23.945000,416.0031944167047,97
2024-09-16 15:43:24.096000,416.0009296101736,999
2024-09-16 15:43:24.127000,415.990099012233,99
2024-09-16 15:43:24.527000,415.9956599203133,101
2024-09-16 15:43:24.624000,415.994918704654,100
2024-09-16 15:43:24.793000,415.9960625412711,10
2024-09-16 15:43:24.814000,415.9895998455913,102
2024-09-16 15:43:24.843000,416.0006159557682,1004
2024-09-16 15:43:24.944000,416.0220326527567,95
2024-09-16 15:43:25.030000,416.0157931478016,99
2024-09-16 15:43:25.055000,416.0109353013364,7
2024-09-16 15:43:25.067000,415.9968992678943,103
2024-09-16 15:43:25.101000,416.53955875225216,1004
2024-09-16 15:43:25.104000,416.0222386630333,13
2024-09-16 15:43:25.139000,415.986529608209,995
2024-09-16 15:43:25.168000,416.01667814467226,995
2024-09-16 15:43:25.180000,416.0096716618254,999
2024-09-16 15:43:25.194000,416.0359214500794,996
2024-09-16 15:43:25.222000,415.9927664582275,996
2024-09-16 15:43:25.222000,416.02534874250455,1002
2024-09-16 15:43:25.332000,416.0084354930757,14
2024-09-16 15:43:25.394000,416.00714175196833,13
2024-09-16 15:43:25.468000,416.01476388815786,12
2024-09-16 15:43:25.491000,416.0164703969307,7
2024-09-16 15:43:25.652000,416.0126541578483,1004
2024-09-16 15:43:25.788000,415.9889428925462,14
2024-09-16 15:43:25.821000,416.0317365279497,995
2024-09-16 15:43:25.946000,416.0138180822617,95
2024-09-16 15:43:26.057000,415.95267501144224,12
2024-09-16 15:43:26.088000,416.0064163803442,99
2024-09-16 15:43:26.150000,416.0043019472425,5
2024-09-16 15:43:26.214000,416.024752424591,1003
2024-09-16 15:43:26.214000,416.02038372363006,11
2024-09-16 15:43:26.224000,416.0082290631806,15
2024-09-16 15:43:26.305000,416.0294965412726,10
2024-09-16 15:43:26.309000,416.0164492310259,12
2024-09-16 15:43:26.320000,416.0005578880575,100
2024-09-16 15:43:26.363000,415.94306121966486,5
2024-09-16 15:43:26.363000,415.94751630484257,15
2024-09-16 15:43:26.364000,416.0079882176795,1001
2024-09-16 15:43:26.382000,415.9638525130638,10
2024-09-16 15:43:26.414000,416.01725032690064,995
2024-09-16 15:43:26.478000,415.9616307497744,997
2024-09-16 15:43:26.513000,416.00331131116087,998
2024-09-16 15:43:26.647000,415.9761643742432,1003
2024-09-16 15:43:26.682000,415.9987112445634,103
2024-09-16 15:43:26.750000,415.9974338093309,6
2024-09-16 15:43:26.770000,416.0230203301077,7
2024-09-16 15:43:26.776000,415.9888912710021,14
2024-09-16 15:43:26.780000,415.99716699106176,101
2024-09-16 15:43:26.788000,416.0266657737949,12
2024-09-16 15:43:26.834000,415.9470429839491,1003
2024-09-16 15:43:26.840000,415.9586363546107,5
2024-09-16 15:43:26.966000,416.02346376359753,1005
2024-09-16 15:43:27.012000,415.8975315120898,1002
2024-09-16 15:43:27.070000,415.9194157190468,105
2024-09-16 15:43:27.087000,415.9400011003364,1000
2024-09-16 15:43:27.088000,415.9386810759248,1000
2024-09-16 15:43:27.121000,415.9010405897749,96
2024-09-16 15:43:27.135000,415.9108120796774,11
2024-09-16 15:43:27.136000,415.94707145269217,100
2024-09-16 15:43:27.141000,415.9792106031367,1001
2024-09-16 15:43:27.176000,415.9907094635639,14
2024-09-16 15:43:27.362000,415.9158126961346,101
2024-09-16 15:43:27.566000,415.9635713370838,12
2024-09-16 15:43:27.567000,415.9623036159752,1002
2024-09-16 15:43:27.581000,415.9252867702901,995
2024-09-16 15:43:27.586000,415.95345153965866,999
2024-09-16 15:43:27.612000,415.9452847631455,1005
2024-09-16 15:43:27.785000,415.9738911846299,999
2024-09-16 15:43:27.816000,415.9686710928173,10
2024-09-16 15:43:27.837000,415.966084765991,8
2024-09-16 15:43:27.890000,415.9677365920173,97
2024-09-16 15:43:27.906000,415.9113255065753,995
2024-09-16 15:43:27.915000,415.9625825677614,1004
2024-09-16 15:43:27.928000,415.8986589236959,996
2024-09-16 15:43:27.960000,415.92914541883,100
2024-09-16 15:43:27.986000,415.93787101204487,15
2024-09-16 15:43:28.066000,415.9050499411061,97
2024-09-16 15:43:28.082000,415.8763171608085,15
2024-09-16 15:43:28.191000,415.9118889033904,104
2024-09-16 15:43:28.198000,415.9272511580917,95
2024-09-16 15:43:28.251000,415.85385540548754,102
2024-09-16 15:43:28.277000,415.8699645922088,6
2024-09-16 15:43:28.281000,415.8609539632631,99
2024-09-16 15:43:28.321000,415.9243223829819,103
2024-09-16 15:43:28.344000,415.8892004452303,15
2024-09-16 15:43:28.372000,415.9301671572181,95
2024-09-16 15:43:28.384000,415.9338682021465,997
2024-09-16 15:43:28.393000,415.88026567599513,103
2024-09-16 15:43:28.403000,415.85290890892713,6
2024-09-16 15:43:28.524000,415.89074063041454,101
2024-09-16 15:43:28.524000,415.9015973067344,1002
2024-09-16 15:43:28.577000,415.8755172620548,15
2024-09-16 15:43:28.608000,415.9151877250903,105
2024-09-16 15:43:28.615000,415.9046942263037,97
2024-09-16 15:43:28.629000,415.8394172213808,95
2024-09-16 15:43:28.709000,415.8422454916993,996
2024-09-16 15:43:28.711000,415.8949133430517,105
2024-09-16 15:43:28.737000,415.8526588248851,105
2024-09-16 15:43:28.770000,415.8935172812544,1003
2024-09-16 15:43:28.787000,415.9140551136329,996
2024-09-16 15:43:28.832000,415.88637162203366,100
2024-09-16 15:43:28.838000,415.9216281254944,98
2024-09-16 15:43:28.959000,415.8797364480204,98
2024-09-16 15:43:28.982000,415.8643673321532,1003
2024-09-16 15:43:28.986000,415.9292765135941,97
2024-09-16 15:43:29.005000,415.94370995089673,995
2024-09-16 15:43:29.012000,415.921538082017,1003
2024-09-16 15:43:29.083000,415.9183992457492,5
2024-09-16 15:43:29.125000,415.93748660889474,11
2024-09-16 15:43:29.169000,415.9244102529136,99
2024-09-16 15:43:29.252000,415.9299849517967,10
2024-09-16 15:43:29.260000,415.9068590420821,1004
2024-09-16 15:43:29.269000,415.9163732882183,100
2024-09-16 15:43:29.275000,415.9467758426592,1002
2024-09-16 15:43:29.309000,415.9193182106236,100
2024-09-16 15:43:29.446000,415.9422301622873,998
2024-09-16 15:43:29.517000,415.9233224633167,10
2024-09-16 15:43:29.571000,415.92862160922033,6
2024-09-16 15:43:29.582000,415.8948769339698,105
2024-09-16 15:43:29.724000,415.90921408797885,95
2024-09-16 15:43:29.776000,415.9456483931237,6
2024-09-16 15:43:29.794000,415.8989390141004,105
2024-09-16 15:43:29.794000,415.914027136314,8
2024-09-16 15:43:29.898000,415.9334491429454,11
2024-09-16 15:43:29.978000,415.932155179209,96
2024-09-16 15:43:30.182000,415.96640487270446,1001
2024-09-16 15:43:30.230000,415.9533968650369,9
2024-09-16 15:43:30.492000,415.96610817118034,6
2024-09-16 15:43:30.636000,415.9589479136546,102
2024-09-16 15:43:30.647000,415.9651046519381,996
2024-09-16 15:43:31.048000,415.9507519545269,7
2024-09-16 15:43:31.502000,415.9617560761785,15
2024-09-16 15:43:31.699000,415.9536232683896,1005
2024-09-16 15:43:32.266000,415.924812970678,100
2024-09-16 15:43:32.327000,415.9781239790305,995
2024-09-16 15:43:32.372000,415.95814121214914,98
2024-09-16 15:43:32.444000,415.9234658503044,102
2024-09-16 15:43:32.500000,415.9447213482132,998
2024-09-16 15:43:32.616000,415.9618384503812,101
2024-09-16 15:43:32.722000,415.96393997699386,995
2024-09-16 15:43:32.785000,415.92551934010544,5
2024-09-16 15:43:32.975000,415.9537713348526,99
2024-09-16 15:43:33.016000,416.0170138449973,999
2024-09-16 15:43:33.031000,416.0181068553553,104
2024-09-16 15:43:33.073000,416.0008793192726,10
2024-09-16 15:43:33.086000,416.0095570290243,1001
2024-09-16 15:43:33.131000,416.0590568510207,1001
2024-09-16 15:43:33.183000,416.06780490433664,101
2024-09-16 15:43:33.210000,416.074983924493,100
2024-09-16 15:43:33.211000,416.06632953264256,999
2024-09-16 15:43:33.353000,416.0166112845548,12
2024-09-16 15:43:33.379000,416.0242221111857,12
2024-09-16 15:43:33.398000,415.9677715697092,12
2024-09-16 15:43:33.515000,416.0122827209127,997
2024-09-16 15:43:33.517000,416.0119853738332,105
2024-09-16 15:43:33.545000,416.0144475252701,8
2024-09-16 15:43:33.565000,416.0573963578413,95
2024-09-16 15:43:33.604000,416.0306109910584,1005
2024-09-16 15:43:33.611000,416.0107817815478,15
2024-09-16 15:43:33.620000,416.06443188359873,101
2024-09-16 15:43:33.663000,416.0025873527292,1001
2024-09-16 15:43:33.695000,415.9617202159168,11
2024-09-16 15:43:33.718000,415.9878378017435,11
2024-09-16 15:43:33.748000,416.0327785019667,7
2024-09-16 15:43:33.830000,416.05634191198,996
2024-09-16 15:43:33.870000,416.0600455503264,102
2024-09-16 15:43:33.882000,416.0104977518346,1004
2024-09-16 15:43:33.919000,416.0272237915635,9
2024-09-16 15:43:34.070000,416.083530162316,1005
2024-09-16 15:43:34.197000,416.0984545847548,98
2024-09-16 15:43:34.368000,416.1114136806176,5
2024-09-16 15:43:34.389000,416.1008146341393,5
2024-09-16 15:43:34.458000,416.0798022343548,12
2024-09-16 15:43:34.461000,416.09313664112966,101
2024-09-16 15:43:34.629000,416.0767739837378,8
2024-09-16 15:43:34.675000,416.1212264226392,8
2024-09-16 15:43:34.814000,416.09673602866417,995
2024-09-16 15:43:35.128000,416.0337585082029,98
2024-09-16 15:43:35.864000,416.048881286698,7
2024-09-16 15:43:37.090000,416.0508818670367,7
2024-09-16 15:43:37.238000,416.0354061554506,11
2024-09-16 15:43:37.244000,416.0279387141851,9
2024-09-16 15:43:37.303000,416.0628097919396,1004
2024-09-16 15:43:37.313000,416.0692963820873,1003
2024-09-16 15:43:37.463000,416.0670758562693,102
2024-09-16 15:43:37.672000,416.0588675099787,12
2024-09-16 15:43:37.809000,416.0440520914681,995
2024-09-16 15:43:37.947000,416.0455254840628,100
2024-09-16 15:43:37.982000,416.0376354121132,998
2024-09-16 15:43:37.986000,416.037677635786,6
2024-09-16 15:43:38.019000,416.0265917295253,6
2024-09-16 15:43:38.028000,416.0188799200161,8
2024-09-16 15:43:38.035000,416.0276014179527,96
2024-09-16 15:43:38.074000,416.0250553762714,1001
2024-09-16 15:43:38.113000,416.02284986796167,95
2024-09-16 15:43:38.118000,416.0519199617044,1000
2024-09-16 15:43:38.136000,416.031374256265,98
2024-09-16 15:43:38.137000,416.043988650458,96
2024-09-16 15:43:38.160000,416.05015246925257,11
2024-09-16 15:43:38.182000,416.02097295673593,10
2024-09-16 15:43:38.225000,416.0382088519885,98
2024-09-16 15:43:38.319000,416.0147723111055,11
2024-09-16 15:43:38.370000,416.0275922949939,997
2024-09-16 15:43:38.588000,416.0187088923765,104
2024-09-16 15:43:38.637000,416.031349273318,997
2024-09-16 15:43:38.666000,416.0247773581537,5
2024-09-16 15:43:38.677000,416.0232427024978,105
2024-09-16 15:43:38.698000,416.0093293586046,995
2024-09-16 15:43:38.760000,416.001798209788,998
2024-09-16 15:43:38.844000,416.023927180484,96
2024-09-16 15:43:38.923000,416.0261748243415,1001
2024-09-16 15:43:38.973000,416.0661569647582,97
2024-09-16 15:43:39.049000,416.03417431345065,995
2024-09-16 15:43:39.158000,416.0390349082144,10
2024-09-16 15:43:39.310000,416.04893798894153,1001
2024-09-16 15:43:39.376000,416.05933392514345,96
2024-09-16 15:43:39.465000,416.0183130171711,15
2024-09-16 15:43:39.477000,416.03860359013896,103
2024-09-16 15:43:39.496000,416.0240645966787,101
2024-09-16 15:43:39.507000,416.0064801401955,998
2024-09-16 15:43:39.807000,416.0587568135058,997
2024-09-16 15:43:39.897000,416.04765402895913,1000
2024-09-16 15:43:39.904000,416.0275972044992,97
2024-09-16 15:43:39.924000,416.0346609736984,8
2024-09-16 15:43:39.977000,416.0098322350668,103
2024-09-16 15:43:39.986000,416.02326020486777,95
2024-09-16 15:43:40.044000,416.03867707677375,97
2024-09-16 15:43:40.093000,416.0299875185517,998
2024-09-16 15:43:40.281000,416.05288626327416,1002
2024-09-16 15:43:40.293000,416.0460133274888,1004
2024-09-16 15:43:40.522000,416.0333365117267,1004
2024-09-16 15:43:40.593000,416.0473268603283,96
2024-09-16 15:43:40.597000,416.0532703606895,5
2024-09-16 15:43:40.597000,416.0583071430767,13
2024-09-16 15:43:40.654000,416.0469673914602,1001
2024-09-16 15:43:40.699000,416.0530521174245,1004
2024-09-16 15:43:40.817000,416.0331239944976,997
2024-09-16 15:43:40.951000,416.05351106426536,9
2024-09-16 15:43:40.977000,416.0785585227143,8
2024-09-16 15:43:41,416.0585110275073,1002
2024-09-16 15:43:41.194000,416.083379339157,103
2024-09-16 15:43:41.213000,416.06123849156734,999
2024-09-16 15:43:41.214000,416.0703041421063,15
2024-09-16 15:43:41.240000,416.0627930377409,14
2024-09-16 15:43:41.362000,416.05993675520864,14
2024-09-16 15:43:41.479000,416.0540315890841,998
2024-09-16 15:43:41.527000,416.0655724205015,1000
2024-09-16 15:43:41.599000,416.0830518591177,97
2024-09-16 15:43:41.645000,416.0439178365801,996
2024-09-16 15:43:41.654000,416.0607087780771,8
2024-09-16 15:43:41.670000,416.0679189072184,96
2024-09-16 15:43:41.728000,416.0821916866319,996
2024-09-16 15:43:41.739000,416.0581694290381,14
2024-09-16 15:43:41.745000,416.05634005820895,9
2024-09-16 15:43:41.812000,416.0718949899667,996
2024-09-16 15:43:41.855000,416.05606074716445,997
2024-09-16 15:43:41.906000,416.0407472632411,9
2024-09-16 15:43:41.936000,416.045648902106,6
2024-09-16 15:43:41.955000,416.0508611275004,102
2024-09-16 15:43:42.077000,416.0370625617104,103
2024-09-16 15:43:42.097000,416.0487476953641,8
2024-09-16 15:43:42.135000,416.022012076338,104
2024-09-16 15:43:42.165000,416.055862315738,11
2024-09-16 15:43:42.190000,416.0280669663386,104
2024-09-16 15:43:42.557000,416.0615132494893,13
2024-09-16 15:43:42.577000,416.0473149909196,100
2024-09-16 15:43:42.642000,416.0687687200858,99
2024-09-16 15:43:42.663000,416.02673881743567,999
2024-09-16 15:43:42.694000,416.0691829954084,997
2024-09-16 15:43:42.745000,416.0599301333637,99
2024-09-16 15:43:42.786000,416.0631198887848,14
2024-09-16 15:43:42.841000,416.0589653730361,11
2024-09-16 15:43:43.006000,415.9217613238399,997
2024-09-16 15:43:43.012000,416.03023562781993,1003
2024-09-16 15:43:43.064000,416.0570950885515,99
2024-09-16 15:43:43.138000,416.0633084632957,103
2024-09-16 15:43:43.150000,416.0451363791721,15
2024-09-16 15:43:43.158000,416.0554489588336,11
2024-09-16 15:43:43.195000,416.0565764605535,9
2024-09-16 15:43:43.251000,416.0456766329975,1002
2024-09-16 15:43:43.278000,416.0201298801091,7
2024-09-16 15:43:43.291000,416.0097068796562,10
2024-09-16 15:43:43.297000,415.9889531079901,10
2024-09-16 15:43:43.340000,415.9727800360254,9
2024-09-16 15:43:43.353000,415.95541857927424,5
2024-09-16 15:43:43.431000,415.9859108239229,103
2024-09-16 15:43:43.436000,415.9614801084126,999
2024-09-16 15:43:43.469000,416.026641595136,104
2024-09-16 15:43:43.520000,415.9955780801032,105
2024-09-16 15:43:43.555000,416.0590364375192,997
2024-09-16 15:43:43.708000,416.0335344336608,1005
2024-09-16 15:43:43.756000,416.0124397797219,14
2024-09-16 15:43:43.867000,416.0236521003084,97
2024-09-16 15:43:43.922000,416.06162338707446,6
2024-09-16 15:43:43.935000,415.9967975281414,101
2024-09-16 15:43:43.990000,415.9830628735311,10
2024-09-16 15:43:43.992000,415.9488627973364,10
2024-09-16 15:43:44.018000,415.99522774872975,103
2024-09-16 15:43:44.031000,415.97809370468,97
2024-09-16 15:43:44.119000,415.9558145137626,998
2024-09-16 15:43:44.162000,415.9986296157391,97
2024-09-16 15:43:44.185000,415.9402258694667,9
2024-09-16 15:43:44.190000,415.9925567452033,6
2024-09-16 15:43:44.209000,415.97654052455096,104
2024-09-16 15:43:44.380000,415.9475320678428,1003
2024-09-16 15:43:44.406000,415.9579234959311,5
2024-09-16 15:43:44.412000,415.939890714443,8
2024-09-16 15:43:44.418000,415.9981653775728,103
2024-09-16 15:43:44.495000,415.9499610977401,5
2024-09-16 15:43:44.500000,415.95858601713,6
2024-09-16 15:43:44.558000,415.949032582543,11
2024-09-16 15:43:44.612000,415.9810278261476,1000
2024-09-16 15:43:44.614000,415.9313679854734,995
2024-09-16 15:43:44.616000,415.9514960898367,997
2024-09-16 15:43:44.668000,416.0033378933928,95
2024-09-16 15:43:44.688000,415.9585008657603,12
2024-09-16 15:43:44.720000,415.98766232175495,101
2024-09-16 15:43:44.773000,415.9216006494569,15
2024-09-16 15:43:44.804000,415.956232086213,102
2024-09-16 15:43:44.826000,415.9937131284942,99
2024-09-16 15:43:44.827000,415.9467549838328,997
2024-09-16 15:43:44.828000,415.9499724056319,995
2024-09-16 15:43:44.844000,415.978488973292,14
2024-09-16 15:43:44.902000,415.9596475573916,12
2024-09-16 15:43:44.933000,415.9455985447123,103
2024-09-16 15:43:44.977000,415.9802107485005,99
2024-09-16 15:43:44.990000,415.9839797961236,104
2024-09-16 15:43:45.018000,415.94404676336745,7
2024-09-16 15:43:45.025000,415.9343539828973,99
2024-09-16 15:43:45.124000,415.94509678722335,101
2024-09-16 15:43:45.154000,415.9341177076914,12
2024-09-16 15:43:45.268000,415.9435846306097,98
2024-09-16 15:43:45.418000,415.9168263043566,11
2024-09-16 15:43:46.037000,415.9615081272974,995
2024-09-16 15:43:46.047000,415.9220229135668,97
2024-09-16 15:43:46.376000,415.9329193630298,1000
2024-09-16 15:43:46.418000,415.9625135463367,998
2024-09-16 15:43:46.424000,415.9501140037675,1004
2024-09-16 15:43:46.472000,415.9212611987359,101
2024-09-16 15:43:46.491000,415.9997090933057,8
2024-09-16 15:43:46.656000,415.94234391722296,6
2024-09-16 15:43:46.663000,415.9691310793394,105
2024-09-16 15:43:46.710000,415.9623617324108,97
2024-09-16 15:43:46.719000,416.0020792311324,1002
2024-09-16 15:43:46.775000,415.9518224352926,12
2024-09-16 15:43:46.807000,415.9468218709735,95
2024-09-16 15:43:46.824000,415.9322435820824,11
2024-09-16 15:43:46.867000,415.98126204455343,6
2024-09-16 15:43:46.944000,415.92601765992487,13
2024-09-16 15:43:47.020000,416.0194101836063,996
2024-09-16 15:43:47.030000,416.03241114061336,97
2024-09-16 15:43:47.233000,416.04450014159033,10
2024-09-16 15:43:47.296000,416.0198376761492,9
2024-09-16 15:43:47.297000,416.0269045324384,14
2024-09-16 15:43:47.390000,416.0238840798288,99
2024-09-16 15:43:47.447000,416.04970234258445,104
2024-09-16 15:43:47.523000,415.9996013269532,15
2024-09-16 15:43:47.527000,416.0332450513086,1004
2024-09-16 15:43:47.577000,416.0482669030195,1001
2024-09-16 15:43:47.580000,416.0327004290825,100
2024-09-16 15:43:47.666000,416.03201354330827,98
2024-09-16 15:43:47.672000,416.0385956603064,97
2024-09-16 15:43:47.677000,416.0324095088849,103
2024-09-16 15:43:47.846000,416.0385975505688,7
2024-09-16 15:43:47.868000,416.0215812634118,1002
2024-09-16 15:43:47.918000,416.0304435203304,1002
2024-09-16 15:43:47.939000,416.0635202380656,15
2024-09-16 15:43:47.939000,416.0295674907769,102
2024-09-16 15:43:47.972000,416.0339905487594,996
2024-09-16 15:43:48.027000,416.0475022093046,996
2024-09-16 15:43:48.100000,416.0103104303177,1001
2024-09-16 15:43:48.141000,416.0246047421086,104
2024-09-16 15:43:48.237000,416.0061730939957,11
2024-09-16 15:43:48.250000,416.0280182471531,102
2024-09-16 15:43:48.274000,416.0427697117796,1003
2024-09-16 15:43:48.285000,416.0502453699511,6
2024-09-16 15:43:48.389000,416.0648612203701,14
2024-09-16 15:43:48.401000,416.02256959087407,1005
2024-09-16 15:43:48.404000,416.0465227845772,1005
2024-09-16 15:43:48.450000,416.03979965792337,10
2024-09-16 15:43:48.478000,416.0521182586237,1001
2024-09-16 15:43:48.569000,416.0350710458211,7
2024-09-16 15:43:48.579000,416.0103036959848,995
2024-09-16 15:43:48.648000,416.0165819213858,104
2024-09-16 15:43:48.678000,416.0517269269455,1004
2024-09-16 15:43:48.743000,416.0725942058331,96
2024-09-16 15:43:48.961000,416.012779781604,12
2024-09-16 15:43:49.209000,416.0643984405264,997
2024-09-16 15:43:49.306000,416.0646361359883,99
2024-09-16 15:43:49.318000,416.03927742208094,7
2024-09-16 15:43:49.386000,416.0577540923336,999
2024-09-16 15:43:49.658000,416.0328674952796,997
2024-09-16 15:43:49.971000,416.0475376383628,12
2024-09-16 15:43:50.054000,416.0613089897975,104
2024-09-16 15:43:50.160000,416.0363648515424,15
2024-09-16 15:43:50.214000,416.03158796113007,100
2024-09-16 15:43:50.262000,416.0110646581068,11
2024-09-16 15:43:50.280000,416.0081687566542,998
2024-09-16 15:43:50.309000,416.0115731471927,96
2024-09-16 15:43:50.315000,416.0694459450481,105
2024-09-16 15:43:50.335000,416.0463765320272,996
2024-09-16 15:43:50.340000,416.0754576814393,96
2024-09-16 15:43:50.429000,416.0324356864677,95
2024-09-16 15:43:50.463000,416.1065171084306,997
2024-09-16 15:43:50.504000,416.0786228455339,96
2024-09-16 15:43:50.587000,416.0045992329446,1004
2024-09-16 15:43:50.611000,416.0308942120463,7
2024-09-16 15:43:50.622000,416.1071282628651,5
2024-09-16 15:43:50.674000,416.07768203249,103
2024-09-16 15:43:50.676000,416.0069131263876,100
2024-09-16 15:43:50.689000,416.0265648181248,996
2024-09-16 15:43:50.691000,416.0865669860672,96
2024-09-16 15:43:50.751000,416.12069655547776,13
2024-09-16 15:43:50.778000,416.1233088763523,98
2024-09-16 15:43:50.857000,416.02459995327433,103
2024-09-16 15:43:50.882000,416.1105126756138,101
2024-09-16 15:43:50.895000,416.02428903260505,103
2024-09-16 15:43:50.945000,416.0588156250674,999
2024-09-16 15:43:51.725000,416.09081908599455,98
2024-09-16 15:43:51.927000,416.087251046464,95
2024-09-16 15:43:52.013000,416.0713260711788,1001
2024-09-16 15:43:52.106000,416.0665217110528,97
2024-09-16 15:43:52.169000,416.0346887079248,11
2024-09-16 15:43:52.174000,416.0624353286246,997
2024-09-16 15:43:52.178000,416.0609179578534,100
2024-09-16 15:43:52.217000,416.087233137925,104
2024-09-16 15:43:52.312000,416.04021383528334,12
2024-09-16 15:43:52.325000,416.0904019701591,99
2024-09-16 15:43:52.344000,416.0110758947132,996
2024-09-16 15:43:52.380000,416.0703728132182,14
2024-09-16 15:43:52.394000,416.0575539370012,105
2024-09-16 15:43:52.456000,416.05687398501095,14
2024-09-16 15:43:52.504000,416.0629269968259,1001
2024-09-16 15:43:52.533000,416.0717799417144,96
2024-09-16 15:43:52.555000,416.04605449530254,11
2024-09-16 15:43:52.583000,416.0694141892889,1001
2024-09-16 15:43:52.594000,416.0443783142583,999
2024-09-16 15:43:52.624000,416.0215514282119,98
2024-09-16 15:43:52.639000,416.0341363978601,1001
2024-09-16 15:43:52.642000,416.0191112612748,6
2024-09-16 15:43:52.728000,416.0252015260477,13
2024-09-16 15:43:52.742000,416.0182421119849,96
2024-09-16 15:43:52.746000,416.0764678135008,1001
2024-09-16 15:43:52.768000,416.02326947747656,996
2024-09-16 15:43:52.851000,416.098370629612,96
2024-09-16 15:43:52.962000,416.0504589078899,98
2024-09-16 15:43:52.967000,416.0891974714133,1000
2024-09-16 15:43:52.981000,416.0939535421612,96
2024-09-16 15:43:53.003000,416.0056483465605,103
2024-09-16 15:43:53.070000,415.9969372589888,9
2024-09-16 15:43:54.033000,415.9911414511433,1005
2024-09-16 15:43:54.126000,415.94443938612335,1004
2024-09-16 15:43:54.154000,415.9276426456556,97
2024-09-16 15:43:54.180000,415.8689514704998,1001
2024-09-16 15:43:54.203000,415.92359602640727,14
2024-09-16 15:43:54.216000,415.8440215172957,997
2024-09-16 15:43:54.250000,415.8392629170792,96
2024-09-16 15:43:54.271000,415.9914686860568,1002
2024-09-16 15:43:54.359000,415.9341189733905,9
2024-09-16 15:43:54.375000,415.8955693525597,1002
2024-09-16 15:43:54.431000,415.9281779332906,15
2024-09-16 15:43:54.551000,415.9210713173438,997
2024-09-16 15:43:54.561000,415.92067303751367,999
2024-09-16 15:43:54.583000,415.9283326745253,998
2024-09-16 15:43:54.640000,415.84534181392974,1005
2024-09-16 15:43:54.688000,415.95141871454416,1002
2024-09-16 15:43:54.694000,415.964135169208,995
2024-09-16 15:43:54.730000,415.91722480617017,999
2024-09-16 15:43:54.756000,415.91279517602425,15
2024-09-16 15:43:54.792000,415.8699599524143,101
2024-09-16 15:43:54.820000,415.9350446007868,998
2024-09-16 15:43:54.878000,415.9416331541,97
2024-09-16 15:43:54.952000,415.9801757250287,103
2024-09-16 15:43:54.963000,415.9795467857954,1003
2024-09-16 15:43:54.999000,415.8673947982709,1001
2024-09-16 15:43:55.098000,415.8214118350992,100
2024-09-16 15:43:55.099000,415.81914259653695,9
2024-09-16 15:43:55.136000,415.8047285551008,104
2024-09-16 15:43:55.139000,415.8186624997433,1003
2024-09-16 15:43:55.157000,415.80843986072273,104
2024-09-16 15:43:55.170000,415.7951725563214,1005
2024-09-16 15:43:55.224000,415.8020629129723,96
2024-09-16 15:43:55.339000,415.8296924181787,11
2024-09-16 15:43:55.388000,415.7470567446376,7
2024-09-16 15:43:55.432000,415.7821254040341,1001
2024-09-16 15:43:55.456000,415.8106298297525,1002
2024-09-16 15:43:55.580000,415.82290773086,14
2024-09-16 15:43:55.598000,415.8360249215504,97
2024-09-16 15:43:55.626000,415.7867828038853,999
2024-09-16 15:43:55.646000,415.7704973168916,96
2024-09-16 15:43:55.663000,415.8014381209348,15
2024-09-16 15:43:55.689000,415.7770621329012,8
2024-09-16 15:43:55.722000,415.75680877890346,8
2024-09-16 15:43:55.758000,415.80801179489606,1005
2024-09-16 15:43:55.768000,415.7524025253685,96
2024-09-16 15:43:55.923000,415.8535176424163,101
2024-09-16 15:43:55.957000,415.7957069358083,103
2024-09-16 15:43:55.983000,415.8066466496706,999
2024-09-16 15:43:56.015000,415.709167316692,11
2024-09-16 15:43:56.037000,415.7838904983377,997
2024-09-16 15:43:56.075000,415.8511339383911,1001
2024-09-16 15:43:56.106000,415.72483390119135,1000
2024-09-16 15:43:56.127000,415.734123087298,96
2024-09-16 15:43:56.137000,415.6942132247301,104
2024-09-16 15:43:56.137000,415.6928611860261,10
2024-09-16 15:43:56.279000,415.753620933488,95
2024-09-16 15:43:56.291000,415.8383398988443,15
2024-09-16 15:43:56.293000,415.7120358417377,7
2024-09-16 15:43:56.322000,415.746629709365,999
2024-09-16 15:43:56.450000,415.8474319489165,103
2024-09-16 15:43:56.461000,415.73486593638944,1001
2024-09-16 15:43:56.573000,415.8267924635392,6
2024-09-16 15:43:56.589000,415.735526249149,997
2024-09-16 15:43:56.620000,415.84419101178594,13
2024-09-16 15:43:56.681000,415.7532467828241,996
2024-09-16 15:43:56.711000,415.7678225732138,995
2024-09-16 15:43:56.770000,415.749380825421,97
2024-09-16 15:43:56.773000,415.78190927987816,95
2024-09-16 15:43:56.799000,415.7545926158475,5
2024-09-16 15:43:56.832000,415.76488134097815,5
2024-09-16 15:43:56.841000,415.73996241584814,11
2024-09-16 15:43:56.877000,415.7364407805245,995
2024-09-16 15:43:56.963000,415.7671632753159,995
2024-09-16 15:43:56.970000,415.7512567664349,100
2024-09-16 15:43:56.998000,415.7513524061955,996
2024-09-16 15:43:57.083000,415.82567914234346,104
2024-09-16 15:43:57.092000,415.82384385162834,10
2024-09-16 15:43:57.139000,415.8062363046736,13
2024-09-16 15:43:57.168000,415.80427098555487,99
2024-09-16 15:43:57.513000,415.8107345234935,104
2024-09-16 15:43:57.518000,415.8106424342282,95
2024-09-16 15:43:57.550000,415.82478299082806,7
2024-09-16 15:43:57.653000,415.81568526359285,6
2024-09-16 15:43:57.697000,415.8183184743425,6
2024-09-16 15:43:57.723000,415.8312179972304,96
2024-09-16 15:43:57.746000,415.83419622677735,101
2024-09-16 15:43:57.760000,415.8386416412342,104
2024-09-16 15:43:57.813000,415.8350701828825,7
2024-09-16 15:43:57.925000,415.8092226512909,98
2024-09-16 15:43:57.969000,415.8202558177,95
2024-09-16 15:43:58.091000,415.7970226807202,996
2024-09-16 15:43:58.152000,415.8508098830783,996
2024-09-16 15:43:58.166000,415.8206704443925,98
2024-09-16 15:43:58.180000,415.8597339151421,999
2024-09-16 15:43:58.195000,415.9012515404352,9
2024-09-16 15:43:58.211000,415.92740302968986,100
2024-09-16 15:43:58.268000,415.8130960289244,9
2024-09-16 15:43:58.268000,415.78040949862185,99
2024-09-16 15:43:58.276000,415.91562113304514,98
2024-09-16 15:43:58.309000,415.80625781662616,10
2024-09-16 15:43:58.327000,415.8658726243461,1005
2024-09-16 15:43:58.344000,415.85274296656667,96
2024-09-16 15:43:58.359000,415.917130781365,13
2024-09-16 15:43:58.447000,415.8372997594107,5
2024-09-16 15:43:58.542000,415.8254598138361,6
2024-09-16 15:43:58.551000,415.8585358397541,1003
2024-09-16 15:43:58.551000,415.8597014518135,13
2024-09-16 15:43:58.562000,415.8917108204912,13
2024-09-16 15:43:58.571000,415.8990593908315,15
2024-09-16 15:43:58.638000,415.8622192619087,7
2024-09-16 15:43:58.644000,415.8780623786453,1003
2024-09-16 15:43:58.724000,415.8518274271916,9
2024-09-16 15:43:58.763000,415.91708979391296,103
2024-09-16 15:43:58.794000,415.818332335966,997
2024-09-16 15:43:58.817000,415.83661285674816,11
2024-09-16 15:43:58.904000,415.9123132272649,100
2024-09-16 15:43:58.964000,415.8986890848431,998
2024-09-16 15:43:58.969000,415.9014824341704,12
2024-09-16 15:43:58.994000,415.7922266461388,1002
2024-09-16 15:43:59.151000,415.8133627430496,997
2024-09-16 15:43:59.190000,415.8746015322847,103
2024-09-16 15:43:59.206000,415.8061629330453,14
2024-09-16 15:43:59.227000,415.7853760993041,13
2024-09-16 15:43:59.253000,415.78985955038974,11
2024-09-16 15:43:59.294000,415.81397665252,100
2024-09-16 15:43:59.325000,415.8058316299215,103
2024-09-16 15:43:59.350000,415.87952253245385,104
2024-09-16 15:43:59.427000,415.8453945332224,997
2024-09-16 15:43:59.486000,415.867537511113,997
2024-09-16 15:43:59.506000,415.7915534513157,1000
2024-09-16 15:43:59.661000,415.86798013073127,6
2024-09-16 15:43:59.693000,415.8564087658218,996
2024-09-16 15:43:59.729000,415.78697377705447,5
2024-09-16 15:43:59.841000,415.776307994076,103
2024-09-16 15:43:59.847000,415.78807646416857,8
2024-09-16 15:43:59.904000,415.8415681477468,996
