Timestamp,Price,Size
2024-09-17 13:28:00.044000,401.27125933234606,15
2024-09-17 13:28:00.069000,401.3058234705434,95
2024-09-17 13:28:00.148000,401.2541460660496,8
2024-09-17 13:28:00.165000,401.3438364608833,99
2024-09-17 13:28:00.259000,401.2780790634153,1005
2024-09-17 13:28:00.442000,401.2720881770275,100
2024-09-17 13:28:00.464000,401.2851022386857,1002
2024-09-17 13:28:00.760000,401.2876812392465,12
2024-09-17 13:28:00.775000,401.2652136190729,98
2024-09-17 13:28:00.901000,401.29849000569726,97
2024-09-17 13:28:00.908000,401.2837061488647,1004
2024-09-17 13:28:00.949000,401.2911668551179,10
2024-09-17 13:28:02.068000,401.3285755890124,1004
2024-09-17 13:28:02.178000,401.3285446016242,997
2024-09-17 13:28:02.202000,401.3094647872448,995
2024-09-17 13:28:02.214000,401.3175423375354,11
2024-09-17 13:28:02.304000,401.2937939418291,999
2024-09-17 13:28:02.323000,401.30912815120007,9
2024-09-17 13:28:02.442000,401.3047046615959,996
2024-09-17 13:28:02.463000,401.2940747493519,104
2024-09-17 13:28:02.682000,401.31700173082737,96
2024-09-17 13:28:02.829000,401.29894463837945,102
2024-09-17 13:28:02.936000,401.30617978906,1005
2024-09-17 13:28:02.952000,401.3476357072174,999
2024-09-17 13:28:02.981000,401.33892452492665,1001
2024-09-17 13:28:03.032000,401.29271594013966,1003
2024-09-17 13:28:03.050000,401.2823638921618,95
2024-09-17 13:28:03.060000,401.27482720612863,14
2024-09-17 13:28:03.092000,401.31593651526384,99
2024-09-17 13:28:03.191000,401.3236632286324,96
2024-09-17 13:28:03.198000,401.2575742910802,1004
2024-09-17 13:28:03.227000,401.258032129312,1005
2024-09-17 13:28:03.237000,401.3627146690203,10
2024-09-17 13:28:03.268000,401.2856717332869,14
2024-09-17 13:28:03.280000,401.3547620908711,5
2024-09-17 13:28:03.284000,401.33167510094233,1000
2024-09-17 13:28:03.286000,401.30097114952576,95
2024-09-17 13:28:03.318000,401.3411515950723,95
2024-09-17 13:28:03.332000,401.2806892286605,100
2024-09-17 13:28:03.421000,401.2949060604898,97
2024-09-17 13:28:03.427000,401.30681369489616,995
2024-09-17 13:28:03.436000,401.3001279452801,15
2024-09-17 13:28:03.482000,401.3174012711253,99
2024-09-17 13:28:03.486000,401.31760607445375,104
2024-09-17 13:28:03.534000,401.2810380363693,12
2024-09-17 13:28:03.560000,401.2832207878994,1001
2024-09-17 13:28:03.661000,401.3419573486611,98
2024-09-17 13:28:03.712000,401.33547774708086,5
2024-09-17 13:28:03.726000,401.2825137374437,102
2024-09-17 13:28:03.903000,401.2672601670081,103
2024-09-17 13:28:03.939000,401.2602945273736,1002
2024-09-17 13:28:03.970000,401.288846683738,998
2024-09-17 13:28:04.042000,401.270510525379,100
2024-09-17 13:28:04.121000,401.2680679147523,11
2024-09-17 13:28:04.127000,401.2756312783315,6
2024-09-17 13:28:04.218000,401.27467372033857,95
2024-09-17 13:28:04.229000,401.2851484315265,14
2024-09-17 13:28:04.317000,401.274267488984,10
2024-09-17 13:28:04.530000,401.2799296154535,102
2024-09-17 13:28:04.566000,401.2899840159544,100
2024-09-17 13:28:04.589000,401.2927369991074,10
2024-09-17 13:28:04.589000,401.2885658448802,10
2024-09-17 13:28:04.693000,401.2957166667693,99
2024-09-17 13:28:04.826000,401.2845077513026,998
2024-09-17 13:28:04.899000,401.2645814091862,6
2024-09-17 13:28:04.923000,401.2663419994968,99
2024-09-17 13:28:05.058000,401.38511539115177,998
2024-09-17 13:28:05.060000,401.2931869012492,101
2024-09-17 13:28:05.093000,401.3314234380684,101
2024-09-17 13:28:05.176000,401.26071828144586,996
2024-09-17 13:28:05.179000,401.25967890258806,99
2024-09-17 13:28:05.193000,401.3827920996998,101
2024-09-17 13:28:05.204000,401.3124141389686,104
2024-09-17 13:28:05.268000,401.24035375801793,97
2024-09-17 13:28:05.274000,401.34687903110006,8
2024-09-17 13:28:05.293000,401.3007469264737,102
2024-09-17 13:28:05.295000,401.2497862390547,98
2024-09-17 13:28:05.336000,401.3719821149021,10
2024-09-17 13:28:05.341000,401.32514494991136,96
2024-09-17 13:28:05.402000,401.243489759006,5
2024-09-17 13:28:05.416000,401.2884642732535,98
2024-09-17 13:28:05.431000,401.2405051951105,1005
2024-09-17 13:28:05.464000,401.3081502151158,7
2024-09-17 13:28:05.480000,401.276987187778,99
2024-09-17 13:28:05.525000,401.269150363486,14
2024-09-17 13:28:05.535000,401.2781052030296,105
2024-09-17 13:28:05.538000,401.2380224482228,14
2024-09-17 13:28:05.627000,401.29445029089794,9
2024-09-17 13:28:05.707000,401.27953808508494,1000
2024-09-17 13:28:05.720000,401.348178292307,998
2024-09-17 13:28:05.776000,401.2440157846913,14
2024-09-17 13:28:05.781000,401.2638737530641,6
2024-09-17 13:28:05.793000,401.287144873372,1001
2024-09-17 13:28:05.865000,401.3627325421437,995
2024-09-17 13:28:05.918000,401.3000216483116,11
2024-09-17 13:28:05.940000,401.3041780857258,998
2024-09-17 13:28:06.306000,401.32936634885806,96
2024-09-17 13:28:06.400000,401.336195153097,1005
2024-09-17 13:28:06.550000,401.332361002208,998
2024-09-17 13:28:06.625000,401.3109485074834,997
2024-09-17 13:28:06.646000,401.3150215377389,100
2024-09-17 13:28:06.716000,401.3285910980666,100
2024-09-17 13:28:06.827000,401.3267951018583,104
2024-09-17 13:28:06.870000,401.3248961771119,11
2024-09-17 13:28:06.991000,401.3313684131973,1000
2024-09-17 13:28:07.010000,401.3312242503911,13
2024-09-17 13:28:07.056000,401.3142990556939,1002
2024-09-17 13:28:07.121000,401.31764829197687,9
2024-09-17 13:28:07.124000,401.3506486894999,998
2024-09-17 13:28:07.129000,401.3177757484441,1002
2024-09-17 13:28:07.130000,401.34664901321054,1005
2024-09-17 13:28:07.157000,401.3264373744455,997
2024-09-17 13:28:07.172000,401.3299752454636,1001
2024-09-17 13:28:07.190000,401.3645980072695,100
2024-09-17 13:28:07.275000,401.331204958349,11
2024-09-17 13:28:07.287000,401.3488110018964,102
2024-09-17 13:28:07.305000,401.3324409008436,10
2024-09-17 13:28:07.306000,401.3281839946293,101
2024-09-17 13:28:07.323000,401.33623452782905,1003
2024-09-17 13:28:07.372000,401.3412892771224,1004
2024-09-17 13:28:07.443000,401.3554510054616,10
2024-09-17 13:28:07.693000,401.3307489738197,1003
2024-09-17 13:28:07.719000,401.3405813250755,15
2024-09-17 13:28:07.792000,401.3103395228954,14
2024-09-17 13:28:07.793000,401.3288113676724,1004
2024-09-17 13:28:07.827000,401.33325160335374,14
2024-09-17 13:28:07.892000,401.3382658238053,997
2024-09-17 13:28:07.900000,401.3339342496931,15
2024-09-17 13:28:07.912000,401.319158755717,999
2024-09-17 13:28:07.971000,401.3612211980951,6
2024-09-17 13:28:08.066000,401.35172190648944,6
2024-09-17 13:28:08.102000,401.3632320121149,6
2024-09-17 13:28:08.184000,401.3350955042994,1005
2024-09-17 13:28:08.216000,401.35976509118944,1002
2024-09-17 13:28:08.601000,401.3487245839432,1004
2024-09-17 13:28:08.661000,401.3388036962463,13
2024-09-17 13:28:08.723000,401.3198429752122,1002
2024-09-17 13:28:08.864000,401.35592755958,1001
2024-09-17 13:28:08.926000,401.37113490379096,103
2024-09-17 13:28:09.023000,401.3434466072253,996
2024-09-17 13:28:09.070000,401.3350669722766,9
2024-09-17 13:28:09.120000,401.3276743115737,1005
2024-09-17 13:28:09.175000,401.3925348044161,998
2024-09-17 13:28:09.235000,401.3656129823125,7
2024-09-17 13:28:09.252000,401.31107589533536,98
2024-09-17 13:28:09.272000,401.375477491621,11
2024-09-17 13:28:09.348000,401.3092113602075,102
2024-09-17 13:28:09.410000,401.3727917067568,1005
2024-09-17 13:28:09.429000,401.3168889424553,104
2024-09-17 13:28:09.687000,401.3016713050655,9
2024-09-17 13:28:09.741000,401.36794433715073,13
2024-09-17 13:28:09.745000,401.3233397283042,11
2024-09-17 13:28:09.814000,401.3319509594929,104
2024-09-17 13:28:09.854000,401.3676624996629,97
2024-09-17 13:28:09.862000,401.31641104468974,1005
2024-09-17 13:28:09.878000,401.3551528374469,997
2024-09-17 13:28:09.921000,401.373360478967,103
2024-09-17 13:28:09.929000,401.39129754552425,14
2024-09-17 13:28:09.930000,401.33917130783874,99
2024-09-17 13:28:09.932000,401.3259910683663,6
2024-09-17 13:28:09.947000,401.3917604312121,995
2024-09-17 13:28:09.978000,401.2985497589425,7
2024-09-17 13:28:10.275000,401.38055658655486,7
2024-09-17 13:28:10.373000,401.3447569005122,1005
2024-09-17 13:28:10.608000,401.35973036617537,997
2024-09-17 13:28:10.637000,401.3652155510605,99
2024-09-17 13:28:10.657000,401.3781571094173,995
2024-09-17 13:28:10.870000,401.3951457715403,15
2024-09-17 13:28:12.048000,401.3873957028229,998
2024-09-17 13:28:12.281000,401.36778305680167,996
2024-09-17 13:28:12.379000,401.3683238675352,103
2024-09-17 13:28:12.408000,401.3728702063832,10
2024-09-17 13:28:12.458000,401.3832438404528,11
2024-09-17 13:28:12.993000,401.38914537831374,95
2024-09-17 13:28:13.199000,401.3964297610122,1003
2024-09-17 13:28:13.427000,401.4052787333719,997
2024-09-17 13:28:13.990000,401.4120808155312,96
2024-09-17 13:28:14.034000,401.4240224962299,1000
2024-09-17 13:28:14.051000,401.4380332300065,7
2024-09-17 13:28:14.163000,401.4303022983892,96
2024-09-17 13:28:14.171000,401.4336714386301,1002
2024-09-17 13:28:14.277000,401.3933311747446,99
2024-09-17 13:28:14.309000,401.4144979836664,998
2024-09-17 13:28:14.327000,401.4346375788589,104
2024-09-17 13:28:14.412000,401.416214140825,100
2024-09-17 13:28:14.439000,401.3988734977898,104
2024-09-17 13:28:14.606000,401.4321628277655,999
2024-09-17 13:28:14.611000,401.437618289596,10
2024-09-17 13:28:14.712000,401.40475735111295,105
2024-09-17 13:28:14.748000,401.4136513573838,999
2024-09-17 13:28:14.769000,401.4229314200879,105
2024-09-17 13:28:14.786000,401.4076306996192,1001
2024-09-17 13:28:14.792000,401.36914005198975,100
2024-09-17 13:28:14.802000,401.4118357002239,102
2024-09-17 13:28:14.837000,401.40850321360494,7
2024-09-17 13:28:14.839000,401.4158960764014,103
2024-09-17 13:28:14.848000,401.4274879367972,14
2024-09-17 13:28:14.878000,401.4155231179357,1000
2024-09-17 13:28:14.943000,401.42096317518775,997
2024-09-17 13:28:14.997000,401.4299152226687,97
2024-09-17 13:28:15.011000,401.2921694007733,101
2024-09-17 13:28:15.029000,401.29252248864657,13
2024-09-17 13:28:15.071000,401.2647584940037,1003
2024-09-17 13:28:15.186000,401.2451128501115,1005
2024-09-17 13:28:15.262000,401.2948699464339,14
2024-09-17 13:28:15.292000,401.2541119298834,11
2024-09-17 13:28:15.350000,401.2913347091221,1000
2024-09-17 13:28:15.358000,401.3560375394248,95
2024-09-17 13:28:15.361000,401.375880508948,9
2024-09-17 13:28:15.385000,401.2826348306768,10
2024-09-17 13:28:15.424000,401.3272211668179,999
2024-09-17 13:28:15.429000,401.36390307858414,95
2024-09-17 13:28:15.550000,401.3725696394703,10
2024-09-17 13:28:15.579000,401.3783293062364,1002
2024-09-17 13:28:15.644000,401.3839443056842,100
2024-09-17 13:28:15.646000,401.28091329542593,98
2024-09-17 13:28:15.659000,401.2531570525603,99
2024-09-17 13:28:15.682000,401.2857127944141,103
2024-09-17 13:28:15.684000,401.3611167213708,996
2024-09-17 13:28:15.686000,401.3579382777432,96
2024-09-17 13:28:15.717000,401.2723057706152,97
2024-09-17 13:28:15.755000,401.3761811266154,98
2024-09-17 13:28:15.799000,401.3413754005994,998
2024-09-17 13:28:15.867000,401.34564687289225,6
2024-09-17 13:28:15.871000,401.26797771419535,15
2024-09-17 13:28:15.931000,401.25713355641005,105
2024-09-17 13:28:15.949000,401.25871834809885,1005
2024-09-17 13:28:15.969000,401.2834396583688,1004
2024-09-17 13:28:16.027000,401.28536980520937,101
2024-09-17 13:28:16.032000,401.2391104254996,9
2024-09-17 13:28:16.051000,401.2537089156184,13
2024-09-17 13:28:16.061000,401.2871780466365,12
2024-09-17 13:28:16.119000,401.3126360511595,999
2024-09-17 13:28:16.131000,401.2605448452524,97
2024-09-17 13:28:16.139000,401.2786739758464,103
2024-09-17 13:28:16.162000,401.2939230636867,1002
2024-09-17 13:28:16.169000,401.3021600008093,996
2024-09-17 13:28:16.287000,401.3109057356469,995
2024-09-17 13:28:16.301000,401.2309174756573,1005
2024-09-17 13:28:16.310000,401.3225220532174,6
2024-09-17 13:28:16.356000,401.30644704464623,999
2024-09-17 13:28:16.370000,401.3069243826063,996
2024-09-17 13:28:16.370000,401.26241015657166,12
2024-09-17 13:28:16.370000,401.24474187730135,97
2024-09-17 13:28:16.417000,401.2579591340837,1000
2024-09-17 13:28:16.483000,401.3279503358461,995
2024-09-17 13:28:16.546000,401.3178868566322,7
2024-09-17 13:28:16.567000,401.2617031385677,1004
2024-09-17 13:28:16.624000,401.2454776031118,97
2024-09-17 13:28:16.702000,401.2859305269732,100
2024-09-17 13:28:16.708000,401.29872595544606,1001
2024-09-17 13:28:16.719000,401.30583146218976,9
2024-09-17 13:28:16.787000,401.3123989719308,1000
2024-09-17 13:28:16.833000,401.2834492830239,1003
2024-09-17 13:28:16.878000,401.2998573198473,14
2024-09-17 13:28:17.072000,401.3330759202749,8
2024-09-17 13:28:17.118000,401.302550733864,13
2024-09-17 13:28:17.180000,401.3138476263532,14
2024-09-17 13:28:17.319000,401.3168959093156,96
2024-09-17 13:28:17.384000,401.34616521300336,1001
2024-09-17 13:28:17.388000,401.3263086226063,98
2024-09-17 13:28:17.404000,401.33609788934734,999
2024-09-17 13:28:17.417000,401.3337772250947,13
2024-09-17 13:28:17.472000,401.3228691847895,98
2024-09-17 13:28:17.557000,401.34087968296,10
2024-09-17 13:28:17.568000,401.3226544175447,11
2024-09-17 13:28:17.677000,401.2820079882693,5
2024-09-17 13:28:17.765000,401.2786792688438,97
2024-09-17 13:28:17.789000,401.3108333510567,12
2024-09-17 13:28:17.799000,401.3351824599307,995
2024-09-17 13:28:17.823000,401.3519863359247,1003
2024-09-17 13:28:17.889000,401.3204028227665,12
2024-09-17 13:28:17.907000,401.32459035621525,995
2024-09-17 13:28:17.907000,401.3393865838117,1002
2024-09-17 13:28:17.935000,401.3117732963975,5
2024-09-17 13:28:17.970000,401.3239317651708,1003
2024-09-17 13:28:18.003000,401.26108763885134,1002
2024-09-17 13:28:18.052000,401.2946885426885,997
2024-09-17 13:28:18.094000,401.2808422859896,9
2024-09-17 13:28:18.107000,401.2708312720874,12
2024-09-17 13:28:18.135000,401.3225848804509,5
2024-09-17 13:28:18.281000,401.3218224253133,8
2024-09-17 13:28:18.327000,401.3037276156813,8
2024-09-17 13:28:18.367000,401.2475397504773,1001
2024-09-17 13:28:18.442000,401.24748871386186,96
2024-09-17 13:28:18.540000,401.26281604430295,1002
2024-09-17 13:28:18.766000,401.2890450190045,1005
2024-09-17 13:28:18.807000,401.29987278022566,104
2024-09-17 13:28:18.940000,401.2998108372165,995
2024-09-17 13:28:18.954000,401.3115701739816,13
2024-09-17 13:28:18.956000,401.2901895810977,104
2024-09-17 13:28:19.017000,401.2226222626469,1002
2024-09-17 13:28:19.051000,401.25988216262266,5
2024-09-17 13:28:19.053000,401.2606641634309,996
2024-09-17 13:28:19.084000,401.282981199207,96
2024-09-17 13:28:19.140000,401.2733217467735,999
2024-09-17 13:28:19.199000,401.276005071672,105
2024-09-17 13:28:19.228000,401.22171894513,997
2024-09-17 13:28:19.247000,401.2358027778228,995
2024-09-17 13:28:19.273000,401.2767082841206,105
2024-09-17 13:28:19.339000,401.2643167342584,1000
2024-09-17 13:28:19.434000,401.2688166059641,101
2024-09-17 13:28:19.442000,401.280029275643,1005
2024-09-17 13:28:19.458000,401.28646455905545,14
2024-09-17 13:28:19.488000,401.249804697313,1003
2024-09-17 13:28:19.542000,401.2245629470244,14
2024-09-17 13:28:19.599000,401.2482251417944,995
2024-09-17 13:28:19.606000,401.2776675846394,1000
2024-09-17 13:28:19.674000,401.267137044747,1005
2024-09-17 13:28:19.683000,401.26538774888417,6
2024-09-17 13:28:19.739000,401.266291356474,102
2024-09-17 13:28:19.748000,401.2582011664263,996
2024-09-17 13:28:19.823000,401.2470982873057,999
2024-09-17 13:28:19.871000,401.2827929276931,1003
2024-09-17 13:28:19.934000,401.2367804876803,1001
2024-09-17 13:28:19.943000,401.2895221087115,14
2024-09-17 13:28:19.957000,401.283093739624,97
2024-09-17 13:28:19.996000,401.2744441643373,999
2024-09-17 13:28:20.070000,401.2720039506231,102
2024-09-17 13:28:20.102000,401.2409835236057,104
2024-09-17 13:28:20.175000,401.28617325885705,15
2024-09-17 13:28:20.200000,401.2696512347914,7
2024-09-17 13:28:20.208000,401.2826525033984,997
2024-09-17 13:28:20.254000,401.2762396203553,96
2024-09-17 13:28:20.300000,401.289362209945,1001
2024-09-17 13:28:20.395000,401.2676607837481,103
2024-09-17 13:28:20.411000,401.27554422877,995
2024-09-17 13:28:20.465000,401.26877277610174,13
2024-09-17 13:28:20.479000,401.2748149329563,1002
2024-09-17 13:28:20.487000,401.24861173418645,10
2024-09-17 13:28:20.524000,401.24027860239073,12
2024-09-17 13:28:20.575000,401.28517441210016,998
2024-09-17 13:28:20.580000,401.2871185490821,997
2024-09-17 13:28:20.603000,401.2646819390841,1003
2024-09-17 13:28:20.623000,401.2830279218348,5
2024-09-17 13:28:20.647000,401.2679768330216,998
2024-09-17 13:28:20.660000,401.2816464614162,8
2024-09-17 13:28:20.689000,401.2840470986479,998
2024-09-17 13:28:20.788000,401.2309105899405,6
2024-09-17 13:28:20.931000,401.2574122502028,999
2024-09-17 13:28:20.950000,401.2649500502928,999
2024-09-17 13:28:20.962000,401.27488040695647,998
2024-09-17 13:28:21.017000,401.1995961832535,103
2024-09-17 13:28:21.256000,401.24978928334,11
2024-09-17 13:28:21.689000,401.20342471558496,98
2024-09-17 13:28:21.716000,401.2301765476865,104
2024-09-17 13:28:21.910000,401.2314746322604,7
2024-09-17 13:28:21.969000,401.2393300647984,105
2024-09-17 13:28:22.017000,401.2467357502016,99
2024-09-17 13:28:22.125000,401.2411375267049,10
2024-09-17 13:28:22.191000,401.2299661161801,12
2024-09-17 13:28:22.257000,401.2326333081129,996
2024-09-17 13:28:22.277000,401.2459887278964,105
2024-09-17 13:28:22.301000,401.24671287987513,11
2024-09-17 13:28:22.312000,401.1932509135596,8
2024-09-17 13:28:22.320000,401.25573843705376,996
2024-09-17 13:28:22.370000,401.2399805165665,98
2024-09-17 13:28:22.442000,401.2172234850268,11
2024-09-17 13:28:22.469000,401.1804714086059,997
2024-09-17 13:28:22.514000,401.202012417973,997
2024-09-17 13:28:22.618000,401.1878258704889,999
2024-09-17 13:28:22.619000,401.225968193933,1000
2024-09-17 13:28:22.641000,401.2223248377047,13
2024-09-17 13:28:22.690000,401.2166766528167,13
2024-09-17 13:28:22.753000,401.22862679311646,11
2024-09-17 13:28:22.834000,401.2465331461383,5
2024-09-17 13:28:22.894000,401.2512911335565,96
2024-09-17 13:28:22.902000,401.2542710477424,97
2024-09-17 13:28:22.969000,401.1899840385895,98
2024-09-17 13:28:23.911000,401.2311807257285,6
2024-09-17 13:28:24.026000,401.23718626157256,1003
2024-09-17 13:28:24.273000,401.2591154544429,1005
2024-09-17 13:28:24.326000,401.2609387320331,99
2024-09-17 13:28:24.598000,401.2405740932816,10
2024-09-17 13:28:24.692000,401.2458404487279,1000
2024-09-17 13:28:24.830000,401.2307309691232,12
2024-09-17 13:28:24.842000,401.2518642083633,999
2024-09-17 13:28:25.022000,401.3058948464087,104
2024-09-17 13:28:25.047000,401.2949840653767,96
2024-09-17 13:28:25.056000,401.26239987260095,11
2024-09-17 13:28:25.150000,401.2809902533572,997
2024-09-17 13:28:25.157000,401.2492553124977,104
2024-09-17 13:28:25.173000,401.2715452275011,1003
2024-09-17 13:28:25.175000,401.3098824976587,1003
2024-09-17 13:28:25.195000,401.2888364321247,1003
2024-09-17 13:28:25.201000,401.2364044650706,103
2024-09-17 13:28:25.206000,401.27385317289423,15
2024-09-17 13:28:25.222000,401.2457185645842,101
2024-09-17 13:28:25.257000,401.2681185326831,998
2024-09-17 13:28:25.329000,401.2925836984247,12
2024-09-17 13:28:25.336000,401.2616694175375,102
2024-09-17 13:28:25.447000,401.327573152548,6
2024-09-17 13:28:25.457000,401.2387983740323,999
2024-09-17 13:28:25.473000,401.24452736479134,7
2024-09-17 13:28:25.632000,401.2512367701929,1001
2024-09-17 13:28:25.683000,401.25647972072665,1002
2024-09-17 13:28:25.745000,401.2944823073107,10
2024-09-17 13:28:25.818000,401.2761656771008,996
2024-09-17 13:28:25.910000,401.23811582917136,98
2024-09-17 13:28:25.948000,401.2820897720061,15
2024-09-17 13:28:25.965000,401.3094673635365,12
2024-09-17 13:28:25.986000,401.3200172843949,9
2024-09-17 13:28:25.986000,401.2959251287122,103
2024-09-17 13:28:26.272000,401.2737558621546,12
2024-09-17 13:28:26.320000,401.24278906780887,1000
2024-09-17 13:28:26.333000,401.2578342411547,96
2024-09-17 13:28:26.348000,401.2525033578167,95
2024-09-17 13:28:26.366000,401.2384087177239,1004
2024-09-17 13:28:26.431000,401.22762034619535,9
2024-09-17 13:28:26.454000,401.2620544690974,99
2024-09-17 13:28:26.489000,401.26668401533766,997
2024-09-17 13:28:26.519000,401.23588409751096,996
2024-09-17 13:28:26.529000,401.25262299064144,96
2024-09-17 13:28:26.594000,401.2461992584122,1003
2024-09-17 13:28:26.725000,401.276508254876,997
2024-09-17 13:28:26.915000,401.23151807065983,1001
2024-09-17 13:28:27.389000,401.2293193251272,101
2024-09-17 13:28:27.585000,401.2175446568204,1003
2024-09-17 13:28:27.798000,401.21596472338297,102
2024-09-17 13:28:28.010000,401.2018118809506,6
2024-09-17 13:28:28.021000,401.2197071950508,8
2024-09-17 13:28:28.081000,401.22366752601897,11
2024-09-17 13:28:28.156000,401.22821421689525,1003
2024-09-17 13:28:28.209000,401.2175165422454,15
2024-09-17 13:28:28.300000,401.2394440669443,1004
2024-09-17 13:28:28.329000,401.2355092180492,14
2024-09-17 13:28:28.370000,401.2473509668937,98
2024-09-17 13:28:28.448000,401.2127449597599,1005
2024-09-17 13:28:28.462000,401.23454329540425,96
2024-09-17 13:28:28.469000,401.2721347672492,103
2024-09-17 13:28:28.487000,401.2379558075177,1003
2024-09-17 13:28:28.526000,401.2182988143104,96
2024-09-17 13:28:28.536000,401.1906191252489,998
2024-09-17 13:28:28.596000,401.23643234745936,97
2024-09-17 13:28:28.666000,401.2216972065272,5
2024-09-17 13:28:28.674000,401.2061099816103,99
2024-09-17 13:28:28.788000,401.24320299603966,1003
2024-09-17 13:28:28.822000,401.2205865388401,104
2024-09-17 13:28:28.862000,401.2300314473897,97
2024-09-17 13:28:28.949000,401.2178294517466,103
2024-09-17 13:28:28.974000,401.23180616802114,13
2024-09-17 13:28:28.980000,401.2097126606646,103
2024-09-17 13:28:29.112000,401.2543301712941,9
2024-09-17 13:28:29.176000,401.29267529176326,1005
2024-09-17 13:28:29.210000,401.272093766538,12
2024-09-17 13:28:29.293000,401.29235462512224,15
2024-09-17 13:28:29.318000,401.25806875475087,9
2024-09-17 13:28:29.419000,401.29719250546015,103
2024-09-17 13:28:29.452000,401.2863960520413,999
2024-09-17 13:28:29.482000,401.26164770018846,996
2024-09-17 13:28:29.489000,401.3058850324999,1003
2024-09-17 13:28:29.536000,401.2849833877013,1003
2024-09-17 13:28:29.775000,401.24946888058486,12
2024-09-17 13:28:29.861000,401.2808770878687,102
2024-09-17 13:28:29.935000,401.2472526687977,105
2024-09-17 13:28:29.998000,401.2547476182872,11
2024-09-17 13:28:30.060000,401.25538289356047,999
2024-09-17 13:28:30.064000,401.303511641336,1000
2024-09-17 13:28:30.128000,401.262451221192,105
2024-09-17 13:28:30.296000,401.2636996013382,1003
2024-09-17 13:28:30.331000,401.263630356239,95
2024-09-17 13:28:31.165000,401.2754022921696,96
2024-09-17 13:28:31.238000,401.3212102188425,104
2024-09-17 13:28:31.240000,401.2881025475504,14
2024-09-17 13:28:31.260000,401.3068192039436,1001
2024-09-17 13:28:31.273000,401.26524972870624,8
2024-09-17 13:28:31.290000,401.2829891183758,14
2024-09-17 13:28:31.303000,401.2805642662287,15
2024-09-17 13:28:31.359000,401.2800756370261,8
2024-09-17 13:28:31.486000,401.301124696215,6
2024-09-17 13:28:31.533000,401.28019949916654,103
2024-09-17 13:28:31.546000,401.2852104166606,997
2024-09-17 13:28:31.555000,401.2837680766999,7
2024-09-17 13:28:31.619000,401.2786142913064,8
2024-09-17 13:28:31.729000,401.3094873862639,998
2024-09-17 13:28:31.860000,401.2921956785513,999
2024-09-17 13:28:31.954000,401.265368804485,997
2024-09-17 13:28:31.968000,401.2933370587455,7
2024-09-17 13:28:31.975000,401.286428564785,1004
2024-09-17 13:28:32.080000,401.328278996104,101
2024-09-17 13:28:32.193000,401.2906780829892,996
2024-09-17 13:28:32.210000,401.3182846171032,99
2024-09-17 13:28:32.483000,401.2849798384437,99
2024-09-17 13:28:32.562000,401.30457375504255,8
2024-09-17 13:28:32.831000,401.2978157056001,15
2024-09-17 13:28:32.857000,401.3126558474452,105
2024-09-17 13:28:33.130000,401.4351575783672,11
2024-09-17 13:28:33.165000,401.36294365207806,103
2024-09-17 13:28:33.188000,401.44717272180617,100
2024-09-17 13:28:33.207000,401.4137966551303,1001
2024-09-17 13:28:33.226000,401.3276227935315,997
2024-09-17 13:28:33.273000,401.4211395517555,11
2024-09-17 13:28:33.301000,401.36709226423386,10
2024-09-17 13:28:33.374000,401.4488967280839,104
2024-09-17 13:28:33.503000,401.4058939827096,102
2024-09-17 13:28:33.514000,401.40850369520285,99
2024-09-17 13:28:33.548000,401.4351381060689,99
2024-09-17 13:28:33.594000,401.3534814045408,13
2024-09-17 13:28:33.612000,401.3523989361867,8
2024-09-17 13:28:33.658000,401.4041608592908,102
2024-09-17 13:28:33.673000,401.4042355416649,1004
2024-09-17 13:28:33.730000,401.4386911846242,13
2024-09-17 13:28:33.765000,401.3680669582502,1001
2024-09-17 13:28:33.780000,401.3863977654896,15
2024-09-17 13:28:33.785000,401.3538549773694,996
2024-09-17 13:28:33.800000,401.4114894144915,6
2024-09-17 13:28:33.868000,401.3441179752608,11
2024-09-17 13:28:33.888000,401.4196187156364,7
2024-09-17 13:28:33.897000,401.4582042670193,1001
2024-09-17 13:28:33.927000,401.3327333125249,1005
2024-09-17 13:28:33.943000,401.4102896012759,96
2024-09-17 13:28:33.997000,401.3446482468125,95
2024-09-17 13:28:34.062000,401.42678320939854,100
2024-09-17 13:28:34.171000,401.4805616650634,99
2024-09-17 13:28:34.534000,401.439520800918,11
2024-09-17 13:28:34.547000,401.4503871254557,104
2024-09-17 13:28:34.564000,401.43824215586056,104
2024-09-17 13:28:34.585000,401.4619977390407,1003
2024-09-17 13:28:34.626000,401.46766653439215,8
2024-09-17 13:28:34.658000,401.4394111792714,98
2024-09-17 13:28:34.676000,401.4442347201057,1004
2024-09-17 13:28:35,401.3710959355124,104
2024-09-17 13:28:35.003000,401.38053290311774,997
2024-09-17 13:28:35.053000,401.4410628809577,100
2024-09-17 13:28:35.087000,401.37883880166265,95
2024-09-17 13:28:35.124000,401.42987063567625,10
2024-09-17 13:28:35.169000,401.3745644782401,9
2024-09-17 13:28:35.240000,401.3783711235705,104
2024-09-17 13:28:35.262000,401.4182555133221,95
2024-09-17 13:28:35.275000,401.37702886398375,98
2024-09-17 13:28:35.286000,401.3993320771696,996
2024-09-17 13:28:35.306000,401.3837689942183,95
2024-09-17 13:28:35.458000,401.40962564643934,1004
2024-09-17 13:28:35.465000,401.3763840627905,1002
2024-09-17 13:28:35.469000,401.42488146288827,5
2024-09-17 13:28:35.500000,401.3953914242133,11
2024-09-17 13:28:35.552000,401.395233988658,995
2024-09-17 13:28:35.624000,401.4284055531193,101
2024-09-17 13:28:35.630000,401.3687517530049,97
2024-09-17 13:28:35.732000,401.4163498989993,98
2024-09-17 13:28:35.742000,401.3893761634304,101
2024-09-17 13:28:35.754000,401.3939280860138,15
2024-09-17 13:28:35.773000,401.385075257215,105
2024-09-17 13:28:35.785000,401.4025264956382,1004
2024-09-17 13:28:35.813000,401.4354179398721,11
2024-09-17 13:28:35.828000,401.3950491370931,14
2024-09-17 13:28:35.848000,401.40416195658366,102
2024-09-17 13:28:35.863000,401.4178891281709,14
2024-09-17 13:28:36.032000,401.4014189144446,996
2024-09-17 13:28:36.083000,401.3783891026349,7
2024-09-17 13:28:36.089000,401.4138961066897,103
2024-09-17 13:28:36.099000,401.35236167750566,9
2024-09-17 13:28:36.152000,401.3779270952262,101
2024-09-17 13:28:36.157000,401.3513722642093,104
2024-09-17 13:28:36.172000,401.3579212431877,102
2024-09-17 13:28:36.186000,401.3872495446553,98
2024-09-17 13:28:36.198000,401.4284059512111,1003
2024-09-17 13:28:36.313000,401.4420484095387,11
2024-09-17 13:28:36.406000,401.3701416788512,15
2024-09-17 13:28:36.467000,401.39079475420647,99
2024-09-17 13:28:36.503000,401.3884058442122,1001
2024-09-17 13:28:36.511000,401.39592019746783,95
2024-09-17 13:28:36.590000,401.3951257989365,999
2024-09-17 13:28:36.658000,401.3623773876701,101
2024-09-17 13:28:36.686000,401.42927306052553,997
2024-09-17 13:28:36.687000,401.4095022810157,10
2024-09-17 13:28:36.702000,401.4342533120063,999
2024-09-17 13:28:36.761000,401.370314400618,8
2024-09-17 13:28:36.763000,401.38565107651766,6
2024-09-17 13:28:36.835000,401.4291025417905,1004
2024-09-17 13:28:36.849000,401.38812812649866,1001
2024-09-17 13:28:36.919000,401.43543613404,105
2024-09-17 13:28:36.946000,401.39387053616224,102
2024-09-17 13:28:37.056000,401.4549492484688,11
2024-09-17 13:28:38.253000,401.4478974057269,5
2024-09-17 13:28:38.325000,401.4714782580901,9
2024-09-17 13:28:38.444000,401.4607874645508,1005
2024-09-17 13:28:38.597000,401.458451685356,1000
2024-09-17 13:28:38.650000,401.4622007450938,103
2024-09-17 13:28:38.867000,401.45445248813417,1000
2024-09-17 13:28:38.869000,401.46053588850526,104
2024-09-17 13:28:38.912000,401.45689230389024,95
2024-09-17 13:28:39.421000,401.4631284523263,6
2024-09-17 13:28:39.874000,401.3967445266517,102
2024-09-17 13:28:39.891000,401.4377004534323,13
2024-09-17 13:28:39.941000,401.4105546872274,95
2024-09-17 13:28:40.005000,401.3961722275312,95
2024-09-17 13:28:40.008000,401.3929954414365,101
2024-09-17 13:28:40.010000,401.3969662321899,997
2024-09-17 13:28:40.111000,401.3856982057746,102
2024-09-17 13:28:40.169000,401.36443897467126,995
2024-09-17 13:28:40.230000,401.3778139825472,104
2024-09-17 13:28:40.260000,401.3920348339004,12
2024-09-17 13:28:40.383000,401.3944315220308,15
2024-09-17 13:28:40.418000,401.3775021093619,997
2024-09-17 13:28:40.438000,401.41032698534826,12
2024-09-17 13:28:40.470000,401.4038488908645,101
2024-09-17 13:28:40.483000,401.41176248406543,99
2024-09-17 13:28:40.492000,401.4039912151817,102
2024-09-17 13:28:40.501000,401.4020127314708,103
2024-09-17 13:28:40.623000,401.39668867993805,8
2024-09-17 13:28:40.708000,401.3882074086273,1000
2024-09-17 13:28:40.717000,401.4050626993115,102
2024-09-17 13:28:40.747000,401.3862207608748,7
2024-09-17 13:28:40.780000,401.4121843799017,10
2024-09-17 13:28:40.931000,401.3899198887095,1005
2024-09-17 13:28:40.962000,401.41228050134384,97
2024-09-17 13:28:40.998000,401.404322642863,1003
2024-09-17 13:28:41.019000,401.43078852833287,105
2024-09-17 13:28:41.027000,401.4021779151154,1002
2024-09-17 13:28:41.067000,401.3156819674484,13
2024-09-17 13:28:41.132000,401.3452986965713,995
2024-09-17 13:28:41.204000,401.3991053945999,102
2024-09-17 13:28:41.221000,401.3594682993247,15
2024-09-17 13:28:41.223000,401.35121234899657,12
2024-09-17 13:28:41.275000,401.33307621130825,12
2024-09-17 13:28:41.310000,401.4004744113154,105
2024-09-17 13:28:41.321000,401.3779801130451,1000
2024-09-17 13:28:41.338000,401.3330890840267,998
2024-09-17 13:28:41.338000,401.412688271586,995
2024-09-17 13:28:41.342000,401.3439249655573,14
2024-09-17 13:28:41.398000,401.3991671230356,99
2024-09-17 13:28:41.408000,401.3406230411735,102
2024-09-17 13:28:41.433000,401.3347432265493,1002
2024-09-17 13:28:41.493000,401.31995479500137,7
2024-09-17 13:28:41.503000,401.3445987601614,13
2024-09-17 13:28:41.509000,401.35171794972666,999
2024-09-17 13:28:41.518000,401.3266464803652,100
2024-09-17 13:28:41.689000,401.4245307111455,1001
2024-09-17 13:28:41.807000,401.3993838464959,995
2024-09-17 13:28:41.809000,401.3982445734986,15
2024-09-17 13:28:41.824000,401.3932194414289,102
2024-09-17 13:28:41.842000,401.4122706195999,11
2024-09-17 13:28:43.324000,401.32241931830464,1000
2024-09-17 13:28:43.469000,401.3542286359512,12
2024-09-17 13:28:44.042000,401.268033976599,96
2024-09-17 13:28:44.049000,401.2488685449719,999
2024-09-17 13:28:44.065000,401.2974545538793,1003
2024-09-17 13:28:44.102000,401.334944059048,103
2024-09-17 13:28:44.109000,401.30558348120246,9
2024-09-17 13:28:44.165000,401.28677942643327,95
2024-09-17 13:28:44.260000,401.3366053895436,999
2024-09-17 13:28:44.263000,401.3323458543005,6
2024-09-17 13:28:44.275000,401.31832269433926,1003
2024-09-17 13:28:44.279000,401.26211220199446,5
2024-09-17 13:28:44.314000,401.2634379296491,998
2024-09-17 13:28:44.320000,401.32672276753567,102
2024-09-17 13:28:44.337000,401.2958719749432,999
2024-09-17 13:28:44.342000,401.3289226073638,1004
2024-09-17 13:28:44.350000,401.3318324355236,1004
2024-09-17 13:28:44.401000,401.3159162736168,998
2024-09-17 13:28:44.444000,401.28545393988543,98
2024-09-17 13:28:44.493000,401.33941491030265,102
2024-09-17 13:28:44.511000,401.293245344488,8
2024-09-17 13:28:44.615000,401.316851281012,14
2024-09-17 13:28:44.686000,401.3256941271879,13
2024-09-17 13:28:44.703000,401.2528609807495,7
2024-09-17 13:28:44.731000,401.2936696227577,12
2024-09-17 13:28:44.733000,401.29798026216906,105
2024-09-17 13:28:44.734000,401.2583862208948,1003
2024-09-17 13:28:44.926000,401.2712533454409,1001
2024-09-17 13:28:44.943000,401.2985324766442,997
2024-09-17 13:28:44.966000,401.3309795534212,15
2024-09-17 13:28:45.094000,401.30812596918486,996
2024-09-17 13:28:45.301000,401.2864850377644,9
2024-09-17 13:28:45.376000,401.2992577102876,103
2024-09-17 13:28:45.581000,401.304303851122,12
2024-09-17 13:28:45.583000,401.3100502214564,12
2024-09-17 13:28:45.717000,401.3169008792067,99
2024-09-17 13:28:45.720000,401.3004515504162,96
2024-09-17 13:28:45.756000,401.3135487482149,14
2024-09-17 13:28:45.794000,401.2982760353225,15
2024-09-17 13:28:46.249000,401.2799953910706,102
2024-09-17 13:28:46.268000,401.28941268347273,1003
2024-09-17 13:28:46.635000,401.2746566485744,1003
2024-09-17 13:28:46.777000,401.26135040600536,15
2024-09-17 13:28:47.054000,401.2443473412648,996
2024-09-17 13:28:47.059000,401.3087443455071,1005
2024-09-17 13:28:47.069000,401.2815786899037,1005
2024-09-17 13:28:47.116000,401.2488287444853,10
2024-09-17 13:28:47.119000,401.2174112781342,998
2024-09-17 13:28:47.155000,401.305938929965,1000
2024-09-17 13:28:47.173000,401.25900017239,14
2024-09-17 13:28:47.194000,401.2558651234714,997
2024-09-17 13:28:47.260000,401.21249715106944,5
2024-09-17 13:28:47.283000,401.2508310143386,105
2024-09-17 13:28:47.306000,401.26808305459696,5
2024-09-17 13:28:47.313000,401.33043195077096,8
2024-09-17 13:28:47.336000,401.25919415766754,100
2024-09-17 13:28:47.364000,401.20776889047966,11
2024-09-17 13:28:47.368000,401.287684484934,13
2024-09-17 13:28:47.369000,401.3076675753605,6
2024-09-17 13:28:47.458000,401.2674598837689,99
2024-09-17 13:28:47.542000,401.1887794217108,96
2024-09-17 13:28:47.588000,401.2761551946456,1003
2024-09-17 13:28:47.616000,401.216089933723,12
2024-09-17 13:28:47.621000,401.2048089382525,1002
2024-09-17 13:28:47.623000,401.1933075406541,101
2024-09-17 13:28:47.651000,401.20088098884565,997
2024-09-17 13:28:47.653000,401.2802438089248,997
2024-09-17 13:28:47.660000,401.2320713134176,1000
2024-09-17 13:28:47.668000,401.29171345226985,1005
2024-09-17 13:28:47.708000,401.2604388820788,105
2024-09-17 13:28:47.718000,401.2558926974678,101
2024-09-17 13:28:47.793000,401.2358496857822,995
2024-09-17 13:28:48.082000,401.3266594074778,103
2024-09-17 13:28:48.089000,401.3451062550685,6
2024-09-17 13:28:48.114000,401.3573464679174,14
2024-09-17 13:28:48.677000,401.34391848241495,100
2024-09-17 13:28:48.681000,401.3399594869104,105
2024-09-17 13:28:48.775000,401.3284233227316,102
2024-09-17 13:28:48.788000,401.3296367356194,995
2024-09-17 13:28:48.817000,401.3311163642368,996
2024-09-17 13:28:48.872000,401.3276542456802,1004
2024-09-17 13:28:48.973000,401.3214719116324,102
2024-09-17 13:28:49.016000,401.26294991729753,12
2024-09-17 13:28:49.028000,401.2454598619673,9
2024-09-17 13:28:49.058000,401.25352182908654,997
2024-09-17 13:28:49.099000,401.2640392595356,15
2024-09-17 13:28:49.143000,401.3067228898784,998
2024-09-17 13:28:49.172000,401.27888675913823,13
2024-09-17 13:28:49.210000,401.2448182072031,102
2024-09-17 13:28:49.381000,401.2665225927512,998
2024-09-17 13:28:49.425000,401.2498353903559,105
2024-09-17 13:28:49.522000,401.3225933091263,10
2024-09-17 13:28:49.629000,401.27094539790505,15
2024-09-17 13:28:49.629000,401.2931275934805,9
2024-09-17 13:28:49.650000,401.2637517682336,98
2024-09-17 13:28:49.680000,401.2650695295764,11
2024-09-17 13:28:49.763000,401.3021011298192,97
2024-09-17 13:28:49.838000,401.26464888839695,1005
2024-09-17 13:28:49.870000,401.246117467985,105
2024-09-17 13:28:49.873000,401.2628217443505,101
2024-09-17 13:28:49.887000,401.25746255925696,13
2024-09-17 13:28:49.919000,401.3521861800433,101
2024-09-17 13:28:49.963000,401.33195635214304,100
2024-09-17 13:28:49.995000,401.3515007751605,999
2024-09-17 13:28:51.109000,401.30771860347375,11
2024-09-17 13:28:51.284000,401.2631962080088,104
2024-09-17 13:28:51.314000,401.27353277360606,98
2024-09-17 13:28:51.349000,401.2557195537634,999
2024-09-17 13:28:51.565000,401.2486369008861,99
2024-09-17 13:28:51.581000,401.2833197340116,999
2024-09-17 13:28:51.728000,401.2537758377736,12
2024-09-17 13:28:51.928000,401.2511917179111,5
2024-09-17 13:28:52.023000,401.2906848266408,97
2024-09-17 13:28:52.031000,401.3198748059939,96
2024-09-17 13:28:52.042000,401.2978010308372,98
2024-09-17 13:28:52.054000,401.2931883969155,5
2024-09-17 13:28:52.189000,401.354260898317,995
2024-09-17 13:28:52.242000,401.34305336576,105
2024-09-17 13:28:52.288000,401.2961871581479,95
2024-09-17 13:28:52.384000,401.3127860436305,98
2024-09-17 13:28:52.386000,401.29402758172506,101
2024-09-17 13:28:52.458000,401.3304417648704,1004
2024-09-17 13:28:52.521000,401.35269049453217,997
2024-09-17 13:28:52.532000,401.3525388397381,1001
2024-09-17 13:28:52.606000,401.3372905474063,15
2024-09-17 13:28:52.612000,401.3132975185148,102
2024-09-17 13:28:52.628000,401.3287145873064,104
2024-09-17 13:28:52.781000,401.341642046098,96
2024-09-17 13:28:52.877000,401.3397223545677,6
2024-09-17 13:28:52.880000,401.30366218172793,1004
2024-09-17 13:28:52.941000,401.32611867222136,102
2024-09-17 13:28:52.991000,401.31299165681247,97
2024-09-17 13:28:53.224000,401.3662169879619,1003
2024-09-17 13:28:53.289000,401.29928232078265,12
2024-09-17 13:28:53.459000,401.3104496196456,5
2024-09-17 13:28:53.505000,401.3416627350513,103
2024-09-17 13:28:53.517000,401.3653669340691,1003
2024-09-17 13:28:53.572000,401.3197567815497,1003
2024-09-17 13:28:53.601000,401.283314039608,998
2024-09-17 13:28:53.706000,401.322246372408,104
2024-09-17 13:28:53.728000,401.3678218038917,998
2024-09-17 13:28:53.967000,401.3292738710366,104
2024-09-17 13:28:53.967000,401.3017494566892,98
2024-09-17 13:28:54,401.2622846915594,13
2024-09-17 13:28:54.027000,401.2732181268736,1002
2024-09-17 13:28:54.029000,401.39118946034097,98
2024-09-17 13:28:54.054000,401.2856170213415,15
2024-09-17 13:28:54.074000,401.2664437788794,996
2024-09-17 13:28:54.156000,401.3529900931548,15
2024-09-17 13:28:54.185000,401.3600205601151,103
2024-09-17 13:28:54.206000,401.2922617648255,6
2024-09-17 13:28:54.218000,401.3861450032007,105
2024-09-17 13:28:54.264000,401.391759879743,100
2024-09-17 13:28:54.348000,401.280640530913,102
2024-09-17 13:28:54.407000,401.356742592506,15
2024-09-17 13:28:54.430000,401.3617566425533,1004
2024-09-17 13:28:54.482000,401.3539995138031,12
2024-09-17 13:28:54.502000,401.2889894007718,103
2024-09-17 13:28:54.529000,401.39572328584734,15
2024-09-17 13:28:54.537000,401.4011392368613,5
2024-09-17 13:28:54.542000,401.3683023010757,104
2024-09-17 13:28:54.584000,401.33481925486535,9
2024-09-17 13:28:54.619000,401.3383572606472,98
2024-09-17 13:28:54.621000,401.3920196718748,1002
2024-09-17 13:28:54.744000,401.3191597420959,8
2024-09-17 13:28:54.774000,401.3172287075955,13
2024-09-17 13:28:54.847000,401.3437276818956,95
2024-09-17 13:28:54.921000,401.2621125380523,999
2024-09-17 13:28:54.929000,401.3165272127361,101
2024-09-17 13:28:54.962000,401.273500131544,13
2024-09-17 13:28:55.114000,401.3634296323453,11
2024-09-17 13:28:55.187000,401.35195210856,998
2024-09-17 13:28:55.368000,401.3836767400828,995
2024-09-17 13:28:55.371000,401.3635360745778,104
2024-09-17 13:28:55.385000,401.3674268669242,12
2024-09-17 13:28:55.389000,401.3776886078987,96
2024-09-17 13:28:55.400000,401.3692242069967,999
2024-09-17 13:28:55.454000,401.4058424658873,996
2024-09-17 13:28:55.496000,401.40905621551167,999
2024-09-17 13:28:55.570000,401.35484599645366,95
2024-09-17 13:28:55.592000,401.36007173833286,5
2024-09-17 13:28:55.605000,401.3901537735428,997
2024-09-17 13:28:55.613000,401.3675754974795,104
2024-09-17 13:28:55.617000,401.3421201647251,995
2024-09-17 13:28:55.780000,401.3654992682324,95
2024-09-17 13:28:55.916000,401.359747815368,97
2024-09-17 13:28:55.924000,401.3939951922568,999
2024-09-17 13:28:55.973000,401.3663350543204,11
2024-09-17 13:28:56.007000,401.4336650521252,101
2024-09-17 13:28:56.234000,401.4053585595593,997
2024-09-17 13:28:56.296000,401.39544405644807,12
2024-09-17 13:28:56.475000,401.3878449187847,1000
2024-09-17 13:28:56.742000,401.4346927617941,8
2024-09-17 13:28:56.888000,401.40047619362593,5
2024-09-17 13:28:57.017000,401.4163482777144,99
2024-09-17 13:28:57.021000,401.39664860549647,995
2024-09-17 13:28:57.052000,401.4173210884487,14
2024-09-17 13:28:57.055000,401.4316150054622,1003
2024-09-17 13:28:57.124000,401.391790176046,99
2024-09-17 13:28:57.138000,401.4196385340331,997
2024-09-17 13:28:57.145000,401.4286070063208,105
2024-09-17 13:28:57.159000,401.382735589842,998
2024-09-17 13:28:57.224000,401.4291706462896,1001
2024-09-17 13:28:57.239000,401.4458336946559,12
2024-09-17 13:28:57.326000,401.41031449049234,997
2024-09-17 13:28:57.349000,401.4378934040107,95
2024-09-17 13:28:57.353000,401.441890410204,998
2024-09-17 13:28:57.531000,401.4169198611833,1002
2024-09-17 13:28:57.560000,401.4209069038696,99
2024-09-17 13:28:57.594000,401.4398311468273,97
2024-09-17 13:28:57.622000,401.4252044262779,1003
2024-09-17 13:28:57.815000,401.41727288456696,15
2024-09-17 13:28:57.822000,401.4284137841931,100
2024-09-17 13:28:57.869000,401.4480520083138,98
2024-09-17 13:28:57.879000,401.38371285895255,101
2024-09-17 13:28:57.903000,401.41674636274,8
2024-09-17 13:28:57.909000,401.4168825186512,1002
2024-09-17 13:28:57.929000,401.41791295254046,10
2024-09-17 13:28:58.007000,401.42793296306434,6
2024-09-17 13:28:58.016000,401.39671089674215,7
2024-09-17 13:28:58.066000,401.41252650991015,1002
2024-09-17 13:28:58.185000,401.3834043892349,6
2024-09-17 13:28:58.227000,401.39572993407694,12
2024-09-17 13:28:58.241000,401.372833501065,95
2024-09-17 13:28:58.263000,401.3872768096588,97
2024-09-17 13:28:58.266000,401.3763012086736,13
2024-09-17 13:28:58.421000,401.3784514402846,11
2024-09-17 13:28:58.523000,401.3689264135438,102
2024-09-17 13:28:58.537000,401.3780016337713,999
2024-09-17 13:28:58.825000,401.4251279108237,996
2024-09-17 13:28:58.865000,401.3687208315698,12
2024-09-17 13:28:58.947000,401.37878845853896,5
2024-09-17 13:28:59.146000,401.392278234512,8
2024-09-17 13:28:59.460000,401.4375428544853,13
2024-09-17 13:28:59.529000,401.3936878136418,102
2024-09-17 13:28:59.616000,401.4096269430389,1002
2024-09-17 13:28:59.637000,401.3872689760011,97
2024-09-17 13:28:59.757000,401.3884957525958,15
2024-09-17 13:28:59.964000,401.403769889704,996
